2581 3683
862 146 1517 205 PRAEFATIO.
2097 173 2104 195 ι

164 246 283 297 Haec
322 259 462 320 atque
504 249 606 302 alia
646 249 697 303 in
738 247 928 302 eandem
958 249 1241 322 sententiam
1279 251 1368 305 Vir
1405 248 1747 324 eruditzffimuc.
1824 250 2006 330 Qibus
2058 265 2177 307 certe
2204 265 2322 328 per-

91 329 256 385 motus,
278 319 367 389 seu
389 333 554 394 potius
591 323 936 393 inflammatus,
989 324 1293 378 Provinciam
1333 323 1448 377 hanc
1480 325 1672 398 suscepi.
1751 325 1906 380 Sumto
1951 329 2060 378 vero
2113 328 2166 379 in
2214 347 2320 379 ma-

91 407 178 440 nus
218 403 361 464 opere,
383 393 538 464 facile
559 395 732 468 statim
755 394 969 469 perspexi
1014 416 1108 468 qua
1135 396 1392 469 praefirtim
1436 395 1720 466 difficultate,
1754 409 1927 469 prater
1974 411 2192 467 caeteras,
2227 402 2319 453 im·
2389 438 2393 442 -

76 462 354 534 plicaretur.
431 469 559 520 Ante
593 468 719 541 istud
755 480 930 541 tempus
961 488 1088 523 nemo
1117 470 1491 523 Grammaticam
1523 469 1804 523 Saxonicam
1841 469 2080 524 ediderat:
2118 471 2321 545 adeoque

90 535 219 588 circa
234 600 245 609 ·
264 540 439 612 angulas
459 553 601 614 poene·
616 562 747 595 voces
774 541 883 612 hoest,
918 544 1098 595 veritus
1115 543 1245 595 neiis
1267 541 1463 613 subeffet
1493 541 1716 614 idiotismi
1738 542 1883 614 nescio
1911 542 2045 615 quid,
2079 544 2194 599 mihi
2231 544 2320 598 ad-

89 606 175 661 buc
203 630 291 662 non
322 613 506 685 quidem
524 616 670 688 plane
699 615 935 688 incogniti,
957 614 1051 685 Jed
1080 629 1236 668 tamen
1271 615 1400 668 haud
1410 615 1536 684 satis
1570 614 1675 668 bene
1703 614 1930 669 intelleili.
2009 617 2178 669 Verum
2201 638 2319 688 cum,

90 700 142 733 re
157 693 301 756 prope
321 685 577 757 desperata,
612 701 756 741 totum
787 688 1010 758 confilium
1029 702 1212 740 tantum
1236 709 1325 740 non
1344 687 1613 762 abjeciſjem,
1649 707 1775 742 omne
1793 687 1871 741 hoc
1892 687 2221 742 incommodum
2243 703 2319 764 op-

74 764 277 827 portune
292 757 484 830 sustulit
508 761 568 814 Cl.
591 761 850 833 Georgius
864 760 1147 831 Hickefius,
1182 759 1311 813 edita
1332 761 1680 830 Grammaticd,
1715 780 1813 834 qua
1839 759 1976 885 {slim
1993 761 2155 833 linguae
2175 783 2314 816 arca-

89 846 153 878 na
190 828 410 883 luculente
441 852 472 883 a
502 834 634 887 eruit.
710 837 943 907 Magnum
965 832 1044 886 hoc
1068 847 1170 887 erat
1189 831 1465 902 beneficium,
1486 832 1582 904 sed
1602 853 1772 888 mecum
1790 853 1840 886 or
1870 834 1889 886 i
1912 853 2153 889 commune.
2229 837 2319 888 Ve-

87 919 192 953 rum
227 901 345 955 mihi
373 924 450 957 mu
468 907 527 959 τίς
556 907 699 961 modi}
755 908 951 961 rivatim
987 907 1131 960 etiam
1148 905 1383 981 perspeila
1409 905 1471 980 eli
1496 906 1604 962 Viri
1625 907 1785 982 optimi
1811 905 2105 960 humanitas:
2144 906 2316 961 haren-

86 985 182 1026 tem
209 976 394 1047 consiliis
422 977 627 1052 adjuvit,
662 920 894 1034 Infantem
919 980 1227 1050 confirmavit,-
1261 981 1407 1034 voluit
1432 978 1642 1053 denique,
1677 979 1856 1056 abjeild
1875 980 1998 1033 omni
2020 979 2204 1033 ratione
2218 980 2318 1051 five

71 1046 177 1116 fiae
206 1046 470 1121 dignitatis,
491 1053 591 1124 five
606 1074 712 1106 meae
733 1055 991 1122 tenuitatis,
1026 1067 1079 1106 ut
1098 1052 1214 1126 sese,
1250 1073 1516 1128 quacunque
1533 1053 1585 1107 in
1611 1075 1662 1108 re
1685 1054 1775 1127 sua
1793 1064 1929 1127 opera
1961 1051 2076 1106 mihi
2100 1053 2208 1125 effet
2236 1073 2314 1106 ne-

86 1120 300 1190 ceffizria,
336 1137 489 1177 uterer
502 1125 840 1196 familiariter.

163 1193 384 1248 Omnibus
402 1198 590 1251 tandem
609 1199 826 1271 fhblati‘s,
862 1220 960 1272 quie
990 1220 1060 1252 me
1097 1205 1129 1252 ὰ
1154 1199 1374 1274 propofito
1404 1212 1531 1274 opere
1552 1199 1782 1264 deterrere
1798 1198 2068 1273 potuiffi‘nt,
2101 1198 2315 1271 meipficm

86 1263 158 1317 ad
181 1266 299 1320 iHud
306 1269 496 1340 summa
519 1273 669 1326 animi
692 1272 952 1348 constantia
975 1273 1177 1327 accinxi.
1255 1276 1445 1346 Cumque
1484 1273 1566 1326 illa
1593 1271 1656 1346 est
1684 1270 1819 1347 hujus
1850 1273 2056 1325 materia
2085 1272 2229 1339 rati0,
2263 1286 2316 1325 ut

85 1335 144 1389 de
175 1340 298 1392 nulla
326 1362 377 1394 re
398 1344 540 1417 prius
567 1348 766 1419 cogitare
791 1358 1013 1420 oporteat,
1048 1351 1188 1419 quam
1206 1359 1386 1401 textum
1419 1347 1542 1400 omni
1574 1365 1633 1399 ex
1651 1358 1795 1419 parte
1831 1346 2057 1419 integrum
2085 1342 2140 1398 ob
2166 1345 2313 1398 oculos

85 1407 360 1475 babeamus-3
396 1436 572 1470 omnem
588 1438 738 1472 meam
755 1438 914 1473 curam
930 1420 1136 1472 converti
1160 1418 1229 1471 ad
1252 1418 1428 1473 Codices
1443 1419 1793 1493 Manuscriptos
1810 1416 2153 1492 comparandos.
2205 1420 2313 1470 An-

84 1494 136 1543 te
165 1486 236 1538 ali
268 1501 344 1540 uot
373 1509 519 1542 annos
540 1491 849 1547 chronicon
873 1491 1184 1547 Saxonicum
1202 1491 1416 1546 ediderat
1432 1513 1491 1547 ex
1508 1492 1679 1546 duobus
1708 1512 1849 1545 manu
1865 1492 2058 1566 scriptis
2076 1489 2205 1544 libris
2223 1492 2314 1545 Vir

82 1554 216 1629 dotti,
243 1579 363 1613 imus
384 1563 708 1620 Abrahamus
731 1566 1062 1632 Wheelocus‚
1097 1565 1287 1636 Linguae
1317 1565 1534 1620 Arabicae
1570 1565 1698 1640 apud
1723 1564 2109 1639 cantabrigienses
2128 1561 2312 1635 Profes-

67 1629 154 1698 sor
165 1629 394 1701 publicus.
469 1637 658 1689 Horum
675 1638 821 1690 altero
840 1637 966 1691 illum
982 1634 1208 1710 instruxit
1227 1636 1512 1690 Bibliotheca
1526 1639 1866 1705 Cottoniana,
1888 1637 2095 1706 Londini
2113 1662 2127 1695 3
2164 1638 2312 1691 altero

83 1703 442 1776 Benedic‘ssina,
480 1707 698 1761 Cantabri
727 1712 796 1764 iae.
873 1711 1045 1763 Verum
1079 1710 1200 1762 malo
1235 1708 1349 1780 fato
1388 1712 1572 1776 evenit,
1619 1722 1672 1761 ut
1711 1723 1867 1761 neuter
1909 1711 2136 1781 integrum
2176 1707 2312 1762 Chro-

81 1772 217 1826 nicon
259 1778 636 1851 compleHeretur,
671 1730 765 1852 Jged
800 1780 931 1854 ipfius
954 1779 1230 1853 fragmenta
1278 1780 1420 1854 (quod
1469 1782 1697 1853 integ-rum
1739 1780 1869 1834 naili
1916 1800 2024 1854 Jam
2073 1779 2311 1852 discimus)

79 1841 188 1899 binc
214 1847 323 1902 inde
336 1862 509 1923 parum
531 1851 746 1922 feliciter
777 1866 1007 1928 excerpta.
1083 1853 1173 1906 Ad
1202 1851 1310 1922 hac,
1357 1873 1447 1906 non
1489 1854 1614 1926 longe
1655 1855 1782 1907 ultra
1825 1873 1999 1905 annum
2034 1853 2154 1906 mille
2168 1872 2308 1908 imum

80 1915 216 1991 bique
239 1923 388 1993 gentis
424 1924 694 1997 Ilistoriam
723 1925 949 1981 deducunt
961 1952 975 1986 ;
1013 1927 1065 1980 in
1097 1925 1229 1979 rebus
1265 1946 1372 1979 vero
1411 1927 1485 1979 ita
1506 1927 1671 2000 paucis
1705 1926 1757 1979 di
1778 1939 1984 2000 crepant,
2019 1940 2070 1979 ut
2109 1927 2308 1980 alterum

80 1991 280 2046 alteriue·
294 1997 618 2070 Apographum
636 2000 720 2069 eſje
747 2001 925 2054 omnino
944 1998 1175 2053 videatur.
1215 2001 1331 2053 Non
1355 1997 1433 2052 hoc
1452 2004 1571 2052 certe
1596 1998 1714 2066 dico,
1750 1998 1878 2072 quod
1899 1998 1956 2052 de
1982 1998 2307 2053 theelocianae

79 2061 292 2119 editionis
309 2068 467 2140 gloria
480 2071 738 2143 quidquam
755 2072 1014 2126 detraHum
1036 2073 1190 2126 velim.
1229 2071 1400 2125 Edidit
1421 2073 1509 2126 Vir
1528 2070 1804 2144 donſjimus
1827 2073 1991 2144 qualia
2011 2071 2191 2141 habuit,
2201 2073 2308 2146 pri-

79 2137 224 2210 musq3
245 2139 445 2193 omnium
449 2146 728 2214 praclarum
740 2143 866 2217 istud
884 2143 1018 2218 hujus
1029 2146 1228 2197 nationis
1247 2151 1622 2197 monumentuma
1634 2145 1792 2197 blattis
1804 2164 1860 2196 ac
1872 2145 2007 2196 tineo}
2018 2144 2304 2200 vindicavit.

80 2209 162 2261 Ex
177 2230 225 2263 eo
238 2225 392 2265 autem
413 2227 622 2288 tempore,
658 2218 758 2270 tria
775 2219 876 2271 alia
894 2219 1201 2290 Exemplaria
1222 2229 1581 2290 comparuerunt.
1647 2218 1707 2270 In
1725 2215 1971 2284 his,Codici
1990 2236 2123 2288 quem
2134 2217 2303 2273 Laud.

79 2279 278 2336 dicimus
316 2286 456 2355 (inter
476 2308 552 2341 eos
575 2301 725 2362 utpote
752 2289 923 2343 Libros
944 2290 1139 2363 rqbofito,
1175 2310 1285 2363 quos
1315 2292 1379 2344 D.
1413 2289 1705 2344 Gulielmus
1734 2289 1902 2358 Laud,
1932 2287 2304 2362 Archiepiscopus

80 2354 422 2429 Cantwarensis,
455 2360 744 2416 Bibliothecae
766 2363 1027 2416 Bodleianae
1054 2361 1265 2433 donavit)
1291 2362 1501 2436 primum
1523 2362 1685 2416 merito
1699 2363 1844 2415 locum
1867 2359 2128 2416 tribuimus.
2167 2362 2303 2416 Huic

79 2426 161 2480 uni
180 2430 293 2501 plus
314 2429 477 2484 debent
492 2434 720 2490 Annales
733 2436 992 2505 Saxonici,
1028 2442 1166 2510 quam
1182 2437 1352 2489 caeteri‘s
1370 2435 1589 2490 omnibus.
1665 2435 1814 2505 Miffiz
1837 2435 1958 2488 enim
1988 2433 2114 2507 quod
2137 2433 2196 2487 ab
2214 2455 2301 2487 an-

76 2518 134 2551 no
157 2521 319 2556 ΜιΧΧ,
337 2523 425 2556 non
442 2505 535 2558 alio
554 2510 712 2581 quovis
731 2509 884 2563 Codice
907 2510 1169 2582 ifisumu53
1186 2522 1294 2561 ante
1311 2507 1447 2582 istum
1464 2509 1609 2562 etiam
1628 2527 1887 2576 annum,ex
1903 2508 1977 2560 illo
1994 2527 2116 2561 nova
2135 2528 2300 2580 quam—

63 2572 276 2644 plurima
299 2575 568 2650 aajecimus,
597 2582 790 2635 lacunas
810 2583 983 2636 multas
997 2583 1326 2656 stipplevimus,
1352 2582 1479 2635 vitia
1508 2583 1621 2634 item
1643 2581 1850 2650 infinita,
1881 2600 1978 2654 quae
2007 2581 2060 2634 in
2081 2581 2199 2633 alios
2222 2583 2300 2634 Co-

76 2641 201 2699 dices
231 2647 523 2722 irrepserant,
561 2652 695 2725 istiuc
726 2653 931 2724 beneficio
962 2654 1321 2708 emendavimus.
1397 2656 1459 2707 In
1492 2652 1767 2707 membranis
1797 2652 1948 2706 nitide
1981 2673 2036 2706 ac
2070 2653 2299 2723 eleganter

61 2715 315 2785 scribitur;
347 2723 421 2773 ita
437 2737 490 2775 ut
510 2724 561 2776 in
579 2746 627 2777 eo
647 2748 787 2799 neque
813 2728 1009 2782 malon}
1026 2727 1334 2802 diligentiam,
1363 2746 1506 2798 neque
1530 2725 1857 2779 Librariorum
1875 2744 2034 2779 curam
2051 2725 2168 2796 quis
2185 2744 2301 2778 uam*

61 2785 216 2858 facile
245 2791 492 2864 defiderare
514 2796 665 2870 poffit.
698 2803 757 2853 A
772 2800 957 2872 diverfis
976 2800 1228 2869 Librariis,
1246 2799 1431 2871 diversis
1451 2799 1598 2852 etiam
1608 2797 1882 2871 temporibus
1888 2797 2118 2871 scriptum
2176 2798 2297 2867 effe,

76 2860 393 2918 Charailerum
421 2867 685 2940 dfferentia
703 2871 911 2945 testatur.
988 2878 1075 2928 Ut
1104 2874 1225 2926 enim
1247 2873 1372 2926 illius
1391 2871 1569 2926 idioma
1586 2871 1656 2924 ad
1673 2871 1872 2944 nostrum
1885 2871 2140 2942 sermonem
2150 2872 2296 2943 paul-

74 2934 211 2987 latim
242 2936 441 3008 defletlit
454 2980 469 3007 ,
505 2943 580 2995 ita
619 2945 763 2997 etiam
793 2947 1037 2999 literarum
1050 2944 1219 3017 formae
1253 2945 1324 2998 ad
1348 2944 1548 3018 nostrum
1564 2943 1800 3017 scribendi
1833 2963 2001 2997 morem
2031 2941 2121 3015 sub
2144 2942 2295 3010 finem

60 3010 254 3080 propius
292 3012 528 3066 accedunt.
605 3019 677 3069 De
720 3017 1004 3072 Bibliotheca
1040 3018 1111 3072 ad
1146 3039 1286 3091 quam
1313 3019 1422 3072 olim
1440 3020 1692 3091 pertinuit,
1733 3016 1816 3090 ezfi
1841 3017 1964 3069 nulla
1978 3016 2078 3085 fiat
2106 3016 2297 3086 mentio,

71 3080 186 3149 (5¹²5ae
209 3083 391 3154 quidem
409 3085 460 3136 in
482 3088 664 3160 vetustis
682 3110 822 3143 manu
847 3091 1026 3164 scriptis
1048 3091 1281 3146 Codicibus
1298 3091 1405 3162 fere
1435 3090 1738 3166 conspicitur,)
1775 3089 1987 3143 dubitari
2016 3104 2169 3142 tamen
2203 3109 2294 3142 non

55 3152 205 3224 potest
235 3156 346 3226 quin
376 3156 448 3209 ad
466 3160 804 3234 Monasterium
833 3153 1180 3239 Petroburgenfi’
1207 3163 1501 3238 speilaverit.
1576 3162 1719 3236 [siim
1736 3163 1859 3215 enim
1879 3163 2073 3234 Eccless'ae
2094 3163 2291 3235 negotia,

67 3221 128 3273 ab
154 3226 261 3278 aliis
279 3228 482 3282 omnibus
502 3232 733 3288 Codicibus
744 3238 1069 3310 praetermiffiz,
1085 3236 1357 3310 frequenter
1375 3238 1586 3310 attingit.
1661 3235 1800 3314 Qid
1820 3235 1946 3309 quod
1970 3250 2065 3289 tres
2083 3236 2290 3305 integras

69 3294 280 3366 Chartas,
311 3301 380 3353 ad
407 3323 506 3355 eum
529 3306 670 3360 locum
680 3312 986 3382 pertinentes,
1002 3311 1103 3381 ficis
1131 3309 1235 3363 loci}
1257 3310 1455 3381 inserta]-
1487 3309 1815 3383 conspicimus?
1857 3307 2026 3382 Restat
2059 3327 2197 3360 unum
2231 3304 2288 3358 de

66 3366 144 3421 hoc
168 3371 319 3428 Codice
338 3376 622 3448 monendum,
646 3382 771 3456 quod
780 3381 964 3458 quidem
979 3397 1132 3439 tacere
1150 3381 1284 3454 nefas
1302 3384 1386 3455 effe
1410 3381 1630 3440 arbitror.
1702 3380 1792 3436 Ad
1803 3383 1971 3436 calcem
1989 3381 2120 3435 Anni
2138 3397 2284 3435 Dem-

51 3439 160 3514 ,2⁷⁶st
175 3447 333 3506 Ρὲθδῑῑ)
364 3447 600 3505 adduntur
635 3459 991 3519 hepxnghurran
1018 3473 1140 3518 Junu
1175 3460 1316 3507 laebbaee
1345 3461 1460 3520 pone
1488 3459 1603 3518 hcpe
1639 3457 1796 3519 pmep,
1832 3474 1929 3528 quae
1957 3469 2112 3508 tamen
2148 3460 2179 3504 a
2214 3470 2286 3502 me

2177 3523 2284 3593 caste
