2581 3683
927 132 1586 192 PRAEFATIOE

147 216 480 299 summarium
516 226 864 297 extraherent,
899 237 947 285 ὃ(
977 229 1296 285 Chronicam
1321 231 1732 304 compingerent,
1769 248 1827 284 ac
1855 229 1907 283 in
1933 228 2237 285 Coenobicis
2258 231 2357 284 Ar-

148 291 313 348 chivis
340 297 721 368 Librariorum,
757 321 855 373 pro
883 302 1192 356 authenticis
1222 304 1514 374 Chronicis,
1548 305 1733 376 quibus
1759 303 1882 359 fides
1916 303 2140 372 daretur,
2175 302 2363 375 stripta

149 383 481 439 reponerent,
517 391 584 426 ne
610 389 905 445 temporum
923 375 1177 430 labilitate
1206 377 1469 430 memoriae
1486 380 1744 450 gestorum
1764 377 1817 430 in
1834 380 2023 449 Regno
2049 376 2358 449 deperirent.

149 438 245 492 Sed
264 461 405 514 neque
437 443 512 498 hic
529 445 788 519 sistendum.
864 447 999 520 Istud
1025 449 1147 501 enim
1182 449 1484 522 testimonium
1516 471 1572 502 ex
1601 451 1750 503 altera
1768 462 1911 522 parte
1942 449 2070 502 haud
2097 453 2248 503 minus
2284 451 2359 504 in-

147 515 425 568 commodum
446 523 596 591 parit.
674 521 727 573 Si
747 523 866 573 enim
880 520 1060 593 publico
1079 522 1254 576 decreto
1284 521 1572 596 constitutum
1586 522 1757 592 suerit,
1789 536 1839 574 ut
1860 542 1918 574 ex
1931 543 2016 575 uno
2035 525 2188 596 aliquo
2207 543 2359 576 exem-

134 586 270 656 plari
301 602 450 643 omnes
481 592 657 646 Codices
673 592 1025 663 describerentur
1044 621 1056 654 ;
1094 597 1178 667 qui
1201 596 1386 666 filiium
1404 610 1454 648 ut
1479 599 1529 649 in
1547 597 1643 649 ullis
1661 595 1791 648 rebus
1820 594 1997 648 Codices
2015 595 2358 668 discreparent?

146 657 312 733 Hujus
345 664 415 715 rei
450 666 608 734 caiiffce
641 669 787 718 varice
808 668 942 737 fiint,
975 680 1066 740 pro
1093 668 1278 739 diveifis
1307 668 1672 739 dff'rentiarum
1700 667 1955 741 generibus,
1990 688 2086 740 quie
2122 667 2173 719 in
2201 669 2357 723 Libris

147 751 289 785 manu
305 735 497 808 siripti's
531 737 918 811 deprehendimus.
995 742 1082 793 Vel
1111 743 1232 793 enim
1256 752 1321 795 1⁰.
1359 743 1598 794 Nonnulla
1616 741 1666 793 in
1684 762 1769 793 uno
1789 740 1942 795 Codice
1974 741 2279 813 reperiuntur,
2307 742 2358 796 in

147 805 341 877 reliquis
356 808 558 862 omnibus
573 811 839 883 difiderata.
875 816 950 866 Ea
969 827 1122 866 autem
1134 813 1263 866 haud
1271 835 1380 867 raro
1394 816 1510 886 sunt
1524 835 1597 867 res
1611 812 1948 889 ejusmodi,quae
1962 814 2046 867 loci
2061 811 2256 887 alicujus
2274 827 2360 887 pe-

146 878 360 949 culiaris,
393 902 481 935 non
504 899 656 937 autem
682 885 809 958 regni
826 888 969 939 totius
984 888 1163 959 negotia
1178 886 1404 941 exhibent.
1454 887 1543 941 Sub
1561 886 1638 941 hoc
1665 887 1815 960 capite
1837 886 2025 955 cadunt,
2052 907 2147 959 quae
2162 889 2213 940 in
2232 887 2357 941 Codi-

144 969 194 1003 ce
225 954 480 1009 Laudenfi
507 956 563 1009 de
580 957 711 1010 rebus
728 960 924 1031 Ecclefice
954 959 1310 1033 Petroburgenfis
1342 960 1641 1034 adjiciuntur.
1693 963 1771 1013 Ex
1789 959 1951 1033 quibus
1971 959 2253 1033 perspicuum
2279 960 2360 1034 est,

131 1024 359 1098 pleraque
388 1029 682 1103 Monasteria
704 1032 754 1084 in
773 1032 1002 1086 chronicis
1029 1034 1342 1106 componendis
1374 1034 1489 1086 hunc
1506 1032 1614 1105 fere
1633 1033 1837 1086 ordinem
1852 1033 2056 1102 tenuiffe,
2088 1046 2138 1085 ut
2161 1033 2270 1100 illis,
2303 1033 2359 1087 de
2418 1046 2422 1051 “

145 1096 310 1169 quibus
338 1100 390 1153 in
411 1104 599 1156 Concilio
625 1105 828 1176 generali
850 1120 1138 1173 convenerat,
1162 1106 1242 1177 sui
1274 1106 1458 1160 Coenobii
1489 1106 1758 1179 Historiam
1787 1106 2102 1177 immiscerent.
2179 1107 2266 1161 Vel
2292 1117 2358 1160 2⁰.

144 1172 266 1240 ,Rem
295 1174 486 1226 eandem
506 1175 666 1247 iisdem
702 1175 931 1232 vocabulis
955 1180 1234 1252 exprimunt,
1265 1181 1460 1233 mutatis
1475 1180 1625 1252 stilum
1656 1179 1820 1248 modis,
1836 1177 2123 1252 temporibus,
2137 1193 2221 1231 aut
2254 1179 2362 1251 cafi-

144 1241 242 1298 bus.
317 1248 401 1299 Ita
431 1247 574 1301 Codex
605 1253 756 1304 Cant.
778 1262 868 1323 pro
898 1272 970 1305 on
1000 1254 1148 1306 tertioe
1163 1253 1362 1325 petfinue
1375 1254 1580 1326 pluralis
1614 1252 1950 1321 terminatione,
1983 1250 2118 1303 habet
2133 1251 2242 1322 fere
2278 1273 2359 1306 an.

145 1315 250 1364 lano
279 1319 392 1371 item
411 1333 502 1393 pro
535 1322 652 1370 lone.
682 1339 786 1370 man
808 1335 899 1396 pro
937 1340 1059 1372 mon.
1096 1340 1206 1388 cmg
1232 1338 1322 1399 pro
1355 1328 1547 1388 cyning,
1581 1330 1665 1379 &c,
1741 1327 1829 1379 Vel
1866 1334 1927 1390 3⁰,
1972 1323 2190 1377 Ordinem
2225 1346 2358 1378 voca-

144 1386 346 1444 bulorum
366 1393 630 1450 immutant.
707 1400 935 1450 Proxima
958 1397 1044 1451 duo
1069 1399 1246 1469 easdem
1274 1397 1451 1451 omnino
1478 1399 1658 1468 caussas
1686 1397 1952 1471 agnoscunt3
1981 1399 2165 1470 partim
2186 1397 2359 1451 Libra-

142 1462 319 1516 riorum
342 1465 590 1536 incuriam,
607 1470 792 1542 purtim
814 1472 945 1543 longa
967 1465 1213 1544 temporam
1249 1472 1513 1539 intervalla,
1548 1470 1710 1545 quibus
1748 1470 1923 1525 Codices
1950 1470 2192 1544 descriptos
2215 1470 2361 1541 suff

144 1534 367 1607 existimo.
445 1542 618 1593 Saecula
643 1542 826 1612 stilicet
865 1545 1159 1616 aliquantum
1195 1543 1437 1614 inferiora,
1463 1545 1715 1617 senescente
1752 1543 1854 1619 jam
1887 1545 2073 1616 Lingua
2112 1545 2360 1612 Saxonica,

143 1607 437 1681 vetzstiorum
463 1612 711 1665 Librorum
737 1617 1000 1683 materiam,
1017 1618 1098 1686 sui
1127 1616 1340 1688 temporis
1354 1617 1563 1685 sermone
1596 1617 1846 1689 exprffffe
1874 1617 2107 1670 videntur.

217 1681 373 1742 ‘Iextu
398 1683 514 1738 hunc
535 1686 586 1739 in
601 1685 780 1739 modum
805 1686 1020 1760 disposito,
1038 1690 1251 1760 proxime
1278 1707 1348 1740 me
1373 1688 1577 1741 exercuit
1595 1689 1773 1746 Verfio
1792 1688 2012 1748 Latina3
2040 1689 2200 1761 quippe
2218 1689 2362 1761 quod-

143 1772 256 1806 nam
280 1755 618 1830 interpretandi
636 1779 778 1830 genus
792 1761 1051 1831 praesertim
1063 1760 1200 1831 sequi
1228 1758 1447 1827 deberem,
1477 1779 1565 1811 non
1578 1759 1753 1832 statim
1764 1759 1994 1833 perspexi.
2071 1760 2214 1814 Video
2238 1763 2360 1814 enim

144 1828 393 1898 nonnullos,
426 1831 508 1902 qui
540 1832 590 1883 in
599 1831 855 1900 sermonem
887 1833 1115 1885 Latinum
1143 1833 1268 1885 alias
1293 1831 1475 1904 linguas
1503 1831 1829 1898 traduxerunt,
1867 1835 2087 1902 Romanu
2120 1833 2358 1886 locutionis

135 1895 280 1969 fuzffi
310 1903 362 1954 in
383 1904 559 1974 primis
571 1902 815 1976 studiofizs,
845 1918 984 1978 atque
1004 1906 1233 1977 elegantia
1261 1925 1401 1977 quum
1424 1905 1630 1958 materiae
1644 1905 1870 1979 propcfitae
1897 1904 2114 1979 majorem
2132 1907 2256 1978 longe
2276 1927 2360 1959 ra-

144 1972 314 2026 tionem
344 1973 558 2046 habuisti.
633 1978 710 2030 Illi
739 1991 856 2029 utut
876 1978 933 2031 de
955 1978 1140 2050 Linguci
1162 1978 1345 2031 Lutinci
1369 1977 1475 2031 bene
1500 1979 1655 2031 meriti
1672 1977 1877 2048 fuerint,
1895 1979 1981 2049 suo
2015 1992 2149 2047 certe,
2186 1977 2264 2032 hoc
2281 1979 2361 2052 est,

146 2046 472 2120 Interpretum‚
519 2047 656 2119 officio
703 2049 891 2122 defiizſj'e
941 2051 1170 2106 videntur.
1244 2051 1331 2105 Ad
1369 2051 1427 2104 id
1465 2050 1587 2105 enim·
1636 2051 1759 2104 nibil
1797 2071 1918 2124 teque
1955 2052 2190 2124 pertinere
2228 2051 2362 2105 vide-

145 2131 240 2188 tur,
287 2141 344 2174 ac
390 2120 525 2193 illum
570 2144 703 2196 quem
746 2126 972 2178 vertimus
996 2125 1269 2199 scriptorem
1310 2125 1432 2178 vivis
1486 2122 1703 2178 coloribus
1756 2124 2004 2198 depingere.
2079 2128 2176 2196 Ego
2232 2128 2362 2198 equi-

147 2190 250 2244 dem
279 2193 354 2245 ita
388 2214 558 2248 mecum
585 2197 813 2271 constitui,
849 2197 1120 2271 nihilpriue
1139 2198 1253 2251 mibi
1280 2199 1364 2268 effe
1385 2197 1652 2267 ducendum,
1689 2218 1828 2271 quam
1849 2211 1900 2250 ut
1932 2199 2192 2250 Annalium
2211 2199 2361 2251 Saxo-

146 2266 349 2318 nieorum
376 2283 570 2322 mentem
586 2271 872 2344 sensumque,
909 2273 1023 2345 quin
1062 2277 1108 2326 &
1134 2271 1277 2344 ipsum
1315 2273 1555 2344 (quantum
1576 2272 1689 2341 fieri
1707 2271 1868 2345 possit)
1907 2271 2096 2343 Linguae
2123 2271 2361 2324 Saxonicce

140 2338 343 2408 genium,
375 2360 456 2393 ver
470 2361 508 2394 io
548 2362 651 2395 mea
685 2346 1037 2417 repraesentaret.
1115 2347 1228 2413 Qec
1260 2344 1374 2397 mihi
1417 2344 1572 2415 caussa
1599 2343 1720 2415 fuit,
1756 2358 1806 2395 ut
1839 2363 1916 2396 nec
1949 2357 2112 2395 temere
2161 2341 2220 2393 ab
2268 2343 2360 2416 ipso

148 2410 308 2463 ordine
329 2413 595 2484 recederem,
606 2415 657 2468 in
671 2437 756 2489 quo
772 2419 868 2487 fica
882 2416 1102 2471 vocabula
1122 2417 1381 2489 idiotismus
1397 2417 1652 2472 Saxonicus
1676 2415 1900 2489 disponit3
1937 2416 2020 2486 ezss
2033 2415 2167 2488 istum
2183 2417 2361 2485 Roma-

146 2484 217 2536 nic
219 2484 524 2558 scriptoribus
546 2489 807 2559 inuſstatum
825 2492 909 2559 effe
920 2491 1213 2563 cognoverim.
1245 2493 1305 2544 In
1318 2489 1433 2544 hanc
1454 2490 1585 2543 viam
1606 2504 1657 2542 ut
1669 2510 1739 2541 me
1761 2488 1899 2542 duxit
1915 2491 1983 2541 rei
2007 2489 2137 2561 ipsius
2159 2489 2282 2542 ratio
2304 2507 2361 2541 ac

145 2569 338 2624 natura,
373 2558 447 2611 ita
469 2561 520 2621 in
537 2581 594 2613 ea
614 2561 894 2615 vehementer
915 2565 1207 2632 confirmavit
1223 2566 1507 2636 stimmorum
1525 2564 1576 2616 in
1594 2584 1644 2615 re
1675 2561 1908 2616 Saxonica
1930 2562 2134 2614 virorum
2163 2561 2362 2614 auiiori-

147 2642 238 2682 tas.
291 2633 350 2685 Cl.
364 2633 563 2703 Junius,
599 2635 649 2686 in
680 2638 888 2710 catalogo
917 2636 1163 2690 Librorum
1192 2637 1710 2709 Anglo·Saxonicorum,
1747 2654 1877 2706 quem
1903 2635 2168 2708 Evangelii}
2196 2633 2364 2686 Gothi-

147 2701 210 2755 cus
243 2701 448 2772 addidit,
484 2705 541 2757 de
575 2707 937 2762 Archaionomia
972 2708 1255 2764 Lambardi
1284 2708 1372 2761 haec
1406 2707 1553 2761 habet.
1605 2707 2086 2775 Archaionomiam,
2117 2706 2151 2758 i.
2168 2723 2212 2759 e.
2244 2724 2362 2776 per-

148 2773 383 2847 antiquas
413 2778 986 2848 Anglo—Saxonicorum
1030 2787 1237 2855 Regum
1272 2786 1438 2853 Leges
1478 2785 1509 2833 Ξι
1550 2778 1601 2832 se
1646 2778 1906 2833 transsatas
1949 2777 2186 2851 vulgavit
2230 2778 2360 2832 olim

148 2846 422 2901 Guilielmzu·
439 2849 762 2910 Lambardm5
800 2853 950 2907 nobis
975 2868 1150 2908 tamen
1180 2853 1340 2926 magis
1369 2850 1562 2907 arridet
1591 2852 1802 2924 antiqua
1836 2849 2001 2906 verfio
2029 2868 2185 2922 quam
2200 2849 2359 2903 habet

138 2918 248 2986 Job.
272 2921 518 2974 Bromton:
557 2943 725 2996 neque
743 2925 837 2996 jpfi
860 2940 1064 2979 tantum
1093 2925 1352 2999 sequimur
1381 2926 1538 2994 illam,
1575 2923 1660 2978 sed
1691 2926 1927 2978 auzitores
1954 2940 2165 2995 quoque
2192 2919 2362 2976 sumus

148 2992 406 3063 omnibus,
441 2997 665 3066 genuina
689 2999 993 3052 venerandae
1024 2998 1368 3071 Antiquitatis
1395 3010 1731 3052 monumenta
1746 2997 2095 3068 diligentibus,
2134 3008 2362 3050 veterem

148 3065 322 3133 potius
345 3066 604 3123 horrentis
636 3068 919 3143 incultique
942 3069 1111 3125 saeculi
1143 3071 1429 3126 verfionem
1464 3070 1726 3142 atnpledti,
1762 3089 1918 3141 quam
1952 3068 2169 3122 novitiis
2206 3082 2361 3140 atque

148 3135 204 3188 in
231 3137 449 3207 speciem
477 3141 783 3196 cultioribus
814 3148 1009 3198 temere
1028 3145 1303 3198 adhaerere.
1378 3144 1550 3196 Eodem
1572 3143 1750 3195 nomine
1783 3142 2031 3212 Verffonem
2058 3139 2195 3213 istam
2226 3153 2361 3193 nota-

147 3208 222 3260 vit
248 3210 315 3263 his
340 3211 485 3266 verbis
519 3215 578 3268 Cl.
607 3219 897 3284 Somnerus,
932 3217 984 3269 in
1006 3215 1290 3287 Praef'atione
1307 3217 1401 3288 sua
1435 3216 1505 3270 ad
1532 3217 1734 3269 Lexicon
1774 3214 2064 3269 Saxonicum.
2116 3219 2180 3268 In
2214 3226 2360 3280 tyro-

146 3300 273 3334 num
303 3291 350 3337 &
372 3285 594 3341 aliorum
615 3286 672 3340 in
702 3287 797 3342 hac
826 3289 1034 3360 Lingua
1057 3288 1262 3360 prorius
1283 3289 1663 3361 imperitorum,
1701 3301 1789 3341 aut
1819 3305 1997 3358 parum
2034 3287 2354 3341 versutorum

146 3355 364 3424 gratiam
385 3364 431 3411 ὅ(
462 3359 760 3429 utilitatem,
770 3362 1145 3416 Saxonicorum
1172 3362 1226 3415 in
1247 3363 1498 3416 Latinum
1512 3365 1811 3416 Sermonem
1836 3359 2189 3414 transsationes
2218 3374 2354 3410 meas

144 3428 432 3501 plerunque
459 3432 711 3489 verbatim
729 3433 879 3489 dedi:
919 3434 1090 3489 studio
1109 3435 1333 3507 politum
1357 3434 1505 3490 illum
1523 3442 1573 3492 ὅζ
1597 3434 1917 3489 elaboratum
1937 3431 2140 3504 fugiens
2167 3430 2354 3519 stylum

1002 3531 1009 3539 ,
2322 3521 2352 3555 a
