<?xml version="1.0" encoding="UTF-8"?>
<!DOCTYPE html PUBLIC "-//W3C//DTD XHTML 1.0 Transitional//EN"
    "http://www.w3.org/TR/xhtml1/DTD/xhtml1-transitional.dtd">
<html xmlns="http://www.w3.org/1999/xhtml" xml:lang="en" lang="en">
 <head>
  <title>
</title>
<meta http-equiv="Content-Type" content="text/html;charset=utf-8" />
  <meta name='ocr-system' content='tesseract 3.04.00' />
  <meta name='ocr-capabilities' content='ocr_page ocr_carea ocr_par ocr_line ocrx_word'/>
</head>
<body>
  <div class='ocr_page' id='page_1' title='image "./chroniconsaxonic00adam_0018.png"; bbox 0 0 2581 3683; ppageno 0'>
   <div class='ocr_carea' id='block_1_1' title="bbox 151 216 2338 245">
    <p class='ocr_par' dir='ltr' id='par_1_1' title="bbox 151 216 2338 245">
     <span class='ocr_line' id='line_1_1' title="bbox 151 216 2338 245; baseline 0 3438"><span class='ocrx_word' id='word_1_1' title='bbox 151 216 2338 245; x_wconf 95' lang='lat' dir='ltr'> </span> 
     </span>
    </p>
   </div>
   <div class='ocr_carea' id='block_1_2' title="bbox 203 269 2329 295">
    <p class='ocr_par' dir='ltr' id='par_1_2' title="bbox 203 269 2329 295">
     <span class='ocr_line' id='line_1_2' title="bbox 203 269 2329 295; baseline 0 3388"><span class='ocrx_word' id='word_1_2' title='bbox 203 269 2329 295; x_wconf 95' lang='lat' dir='ltr'> </span> 
     </span>
    </p>
   </div>
   <div class='ocr_carea' id='block_1_3' title="bbox 468 419 2012 544">
    <p class='ocr_par' dir='ltr' id='par_1_3' title="bbox 468 419 2012 544">
     <span class='ocr_line' id='line_1_3' title="bbox 468 419 2012 544; baseline -0.006 0"><span class='ocrx_word' id='word_1_3' title='bbox 468 419 2012 544; x_wconf 88' lang='lat' dir='ltr'>TESTIMONIA</span> 
     </span>
    </p>
   </div>
   <div class='ocr_carea' id='block_1_4' title="bbox 248 635 2238 864">
    <p class='ocr_par' dir='ltr' id='par_1_4' title="bbox 248 635 2238 864">
     <span class='ocr_line' id='line_1_4' title="bbox 1150 635 1333 702; baseline 0.005 -1"><span class='ocrx_word' id='word_1_4' title='bbox 1150 635 1333 702; x_wconf 85' lang='lat' dir='ltr'>DE</span> 
     </span>
     <span class='ocr_line' id='line_1_5' title="bbox 248 770 2238 864; baseline -0.009 0"><span class='ocrx_word' id='word_1_5' title='bbox 248 770 1192 864; x_wconf 87' lang='lat' dir='ltr'><em>CHRONICO</em></span> <span class='ocrx_word' id='word_1_6' title='bbox 1286 770 2238 853; x_wconf 86' lang='lat' dir='ltr'><em>SAXONICO.</em></span> 
     </span>
    </p>
   </div>
   <div class='ocr_carea' id='block_1_5' title="bbox 704 992 1781 1068">
    <p class='ocr_par' dir='ltr' id='par_1_5' title="bbox 704 992 1781 1068">
     <span class='ocr_line' id='line_1_6' title="bbox 704 992 1781 1068; baseline -0.001 -19"><span class='ocrx_word' id='word_1_7' title='bbox 704 993 962 1049; x_wconf 54' lang='lat' dir='ltr'>Florentino·</span> <span class='ocrx_word' id='word_1_8' title='bbox 990 993 1306 1068; x_wconf 73' lang='lat' dir='ltr'>Wz&#39;gornienst‘s</span> <span class='ocrx_word' id='word_1_9' title='bbox 1336 992 1408 1048; x_wconf 82' lang='lat' dir='ltr'>ad</span> <span class='ocrx_word' id='word_1_10' title='bbox 1428 997 1531 1050; x_wconf 87' lang='lat' dir='ltr'>An.</span> <span class='ocrx_word' id='word_1_11' title='bbox 1557 1010 1781 1048; x_wconf 77' lang='lat' dir='ltr'>Dchxn.</span> 
     </span>
    </p>
   </div>
   <div class='ocr_carea' id='block_1_6' title="bbox 139 1085 2361 1209">
    <p class='ocr_par' dir='ltr' id='par_1_6' title="bbox 139 1085 2361 1209">
     <span class='ocr_line' id='line_1_7' title="bbox 139 1085 2361 1209; baseline -0.007 -67"><span class='ocrx_word' id='word_1_12' title='bbox 139 1105 249 1209; x_wconf 80' lang='lat' dir='ltr'>K</span> <span class='ocrx_word' id='word_1_13' title='bbox 264 1095 511 1141; x_wconf 80' lang='lat' dir='ltr'>Enwalchius</span> <span class='ocrx_word' id='word_1_14' title='bbox 531 1093 623 1135; x_wconf 85' lang='lat' dir='ltr'>Rex</span> <span class='ocrx_word' id='word_1_15' title='bbox 645 1089 998 1142; x_wconf 84' lang='lat' dir='ltr'>West-Saxonum‚</span> <span class='ocrx_word' id='word_1_16' title='bbox 1026 1103 1075 1143; x_wconf 85' lang='lat'>30</span> <span class='ocrx_word' id='word_1_17' title='bbox 1097 1102 1202 1131; x_wconf 85' lang='lat' dir='ltr'>anno</span> <span class='ocrx_word' id='word_1_18' title='bbox 1224 1103 1265 1130; x_wconf 91' lang='lat' dir='ltr'>re</span> <span class='ocrx_word' id='word_1_19' title='bbox 1292 1090 1333 1129; x_wconf 93' lang='lat' dir='ltr'>ni</span> <span class='ocrx_word' id='word_1_20' title='bbox 1358 1089 1412 1130; x_wconf 91' lang='lat' dir='ltr'>sui</span> <span class='ocrx_word' id='word_1_21' title='bbox 1436 1088 1640 1130; x_wconf 56' lang='lat' dir='ltr'>defunctus</span> <span class='ocrx_word' id='word_1_22' title='bbox 1669 1088 1736 1132; x_wconf 90' lang='lat' dir='ltr'>est.</span> <span class='ocrx_word' id='word_1_23' title='bbox 1784 1086 1903 1141; x_wconf 86' lang='lat' dir='ltr'>Cujus</span> <span class='ocrx_word' id='word_1_24' title='bbox 1928 1100 2025 1129; x_wconf 85' lang='lat' dir='ltr'>uxor</span> <span class='ocrx_word' id='word_1_25' title='bbox 2051 1087 2247 1140; x_wconf 82' lang='lat' dir='ltr'>Sexburga</span> <span class='ocrx_word' id='word_1_26' title='bbox 2272 1085 2361 1128; x_wconf 86' lang='lat' dir='ltr'>Re-</span> 
     </span>
    </p>
   </div>
   <div class='ocr_carea' id='block_1_7' title="bbox 140 1139 2361 1266">
    <p class='ocr_par' dir='ltr' id='par_1_7' title="bbox 140 1139 2361 1266">
     <span class='ocr_line' id='line_1_8' title="bbox 282 1139 2361 1210; baseline -0.007 -15"><span class='ocrx_word' id='word_1_27' title='bbox 282 1156 375 1210; x_wconf 86' lang='lat' dir='ltr'>gina</span> <span class='ocrx_word' id='word_1_28' title='bbox 393 1147 603 1192; x_wconf 84' lang='lat' dir='ltr'>secundum</span> <span class='ocrx_word' id='word_1_29' title='bbox 627 1144 834 1198; x_wconf 81' lang='lat' dir='ltr'><em>Anglicam</em></span> <span class='ocrx_word' id='word_1_30' title='bbox 858 1145 1081 1187; x_wconf 83' lang='lat' dir='ltr'><em>chronicam</em></span> <span class='ocrx_word' id='word_1_31' title='bbox 1099 1157 1181 1184; x_wconf 89' lang='lat' dir='ltr'>uno</span> <span class='ocrx_word' id='word_1_32' title='bbox 1209 1158 1261 1198; x_wconf 92' lang='lat' dir='ltr'>po</span> <span class='ocrx_word' id='word_1_33' title='bbox 1328 1143 1436 1184; x_wconf 83' lang='lat' dir='ltr'>illum</span> <span class='ocrx_word' id='word_1_34' title='bbox 1465 1144 1642 1197; x_wconf 85' lang='lat' dir='ltr'>regnavit</span> <span class='ocrx_word' id='word_1_35' title='bbox 1674 1156 1801 1184; x_wconf 90' lang='lat' dir='ltr'>anno:</span> <span class='ocrx_word' id='word_1_36' title='bbox 1842 1141 2047 1185; x_wconf 84' lang='lat' dir='ltr'>secundum</span> <span class='ocrx_word' id='word_1_37' title='bbox 2079 1144 2172 1185; x_wconf 80' lang='lat' dir='ltr'>vero</span> <span class='ocrx_word' id='word_1_38' title='bbox 2200 1139 2361 1192; x_wconf 84' lang='lat' dir='ltr'>Bedam,</span> 
     </span>
     <span class='ocr_line' id='line_1_9' title="bbox 140 1198 1515 1266; baseline -0.013 -11"><span class='ocrx_word' id='word_1_39' title='bbox 140 1209 345 1266; x_wconf 83' lang='lat' dir='ltr'>Subteguli</span> <span class='ocrx_word' id='word_1_40' title='bbox 365 1215 531 1259; x_wconf 85' lang='lat' dir='ltr'>regnum</span> <span class='ocrx_word' id='word_1_41' title='bbox 556 1202 657 1242; x_wconf 86' lang='lat' dir='ltr'>inter</span> <span class='ocrx_word' id='word_1_42' title='bbox 680 1199 716 1241; x_wconf 89' lang='lat' dir='ltr'>se</span> <span class='ocrx_word' id='word_1_43' title='bbox 735 1198 903 1241; x_wconf 87' lang='lat' dir='ltr'>divisum</span> <span class='ocrx_word' id='word_1_44' title='bbox 921 1199 1034 1239; x_wconf 88' lang='lat' dir='ltr'>annis</span> <span class='ocrx_word' id='word_1_45' title='bbox 1057 1198 1210 1240; x_wconf 88' lang='lat' dir='ltr'>circiter</span> <span class='ocrx_word' id='word_1_46' title='bbox 1231 1210 1272 1239; x_wconf 81' lang='lat' dir='ltr'>x.</span> <span class='ocrx_word' id='word_1_47' title='bbox 1296 1207 1515 1240; x_wconf 86' lang='lat' dir='ltr'>tenuerunt.</span> 
     </span>
    </p>
   </div>
   <div class='ocr_carea' id='block_1_8' title="bbox 920 1324 1580 1381">
    <p class='ocr_par' dir='ltr' id='par_1_8' title="bbox 920 1324 1580 1381">
     <span class='ocr_line' id='line_1_10' title="bbox 920 1324 1580 1381; baseline 0.005 -2"><span class='ocrx_word' id='word_1_48' title='bbox 920 1324 1055 1379; x_wconf 84' lang='lat' dir='ltr'><em>Idem</em></span> <span class='ocrx_word' id='word_1_49' title='bbox 1086 1324 1156 1377; x_wconf 86' lang='lat' dir='ltr'>ad</span> <span class='ocrx_word' id='word_1_50' title='bbox 1178 1328 1279 1381; x_wconf 90' lang='lat' dir='ltr'>An.</span> <span class='ocrx_word' id='word_1_51' title='bbox 1304 1330 1580 1381; x_wconf 75' lang='lat' dir='ltr'>Dccxxxn&#39;r.</span> 
     </span>
    </p>
   </div>
   <div class='ocr_carea' id='block_1_9' title="bbox 148 1417 2439 1591">
    <p class='ocr_par' dir='ltr' id='par_1_9' title="bbox 148 1417 2439 1591">
     <span class='ocr_line' id='line_1_11' title="bbox 201 1417 2369 1481; baseline -0.005 -9"><span class='ocrx_word' id='word_1_52' title='bbox 201 1430 288 1472; x_wconf 89' lang='lat' dir='ltr'>Hic</span> <span class='ocrx_word' id='word_1_53' title='bbox 320 1424 469 1481; x_wconf 82' lang='lat' dir='ltr'>[Beda]</span> <span class='ocrx_word' id='word_1_54' title='bbox 497 1422 570 1465; x_wconf 84' lang='lat' dir='ltr'>suae</span> <span class='ocrx_word' id='word_1_55' title='bbox 591 1421 719 1476; x_wconf 86' lang='lat' dir='ltr'>gentis</span> <span class='ocrx_word' id='word_1_56' title='bbox 741 1418 1028 1474; x_wconf 85' lang='lat' dir='ltr'>quamplurima</span> <span class='ocrx_word' id='word_1_57' title='bbox 1049 1418 1152 1473; x_wconf 85' lang='lat' dir='ltr'>gesta</span> <span class='ocrx_word' id='word_1_58' title='bbox 1172 1418 1367 1474; x_wconf 86' lang='lat' dir='ltr'>hucusque</span> <span class='ocrx_word' id='word_1_59' title='bbox 1393 1420 1590 1460; x_wconf 85' lang='lat' dir='ltr'>luculento</span> <span class='ocrx_word' id='word_1_60' title='bbox 1617 1417 1811 1474; x_wconf 76' lang='lat' dir='ltr'><strong>descripsit</strong></span> <span class='ocrx_word' id='word_1_61' title='bbox 1834 1417 2026 1471; x_wconf 87' lang='lat' dir='ltr'>sermone,</span> <span class='ocrx_word' id='word_1_62' title='bbox 2053 1431 2251 1474; x_wconf 87' lang='lat' dir='ltr'>unumque</span> <span class='ocrx_word' id='word_1_63' title='bbox 2264 1429 2369 1461; x_wconf 85' lang='lat' dir='ltr'>tem·</span> 
     </span>
     <span class='ocr_line' id='line_1_12' title="bbox 148 1472 2370 1542; baseline -0.005 -16"><span class='ocrx_word' id='word_1_64' title='bbox 148 1485 287 1542; x_wconf 86' lang='lat' dir='ltr'>poralis</span> <span class='ocrx_word' id='word_1_65' title='bbox 305 1484 411 1533; x_wconf 86' lang='lat' dir='ltr'>vitae,</span> <span class='ocrx_word' id='word_1_66' title='bbox 436 1477 677 1531; x_wconf 87' lang='lat' dir='ltr'>modumque</span> <span class='ocrx_word' id='word_1_67' title='bbox 694 1475 920 1537; x_wconf 67' lang='lat' dir='ltr'>terminavit</span> <span class='ocrx_word' id='word_1_68' title='bbox 932 1473 1135 1516; x_wconf 88' lang='lat' dir='ltr'>Historiae.</span> <span class='ocrx_word' id='word_1_69' title='bbox 1185 1474 1277 1535; x_wconf 80' lang='lat' dir='ltr'>Nos</span> <span class='ocrx_word' id='word_1_70' title='bbox 1290 1475 1385 1515; x_wconf 75' lang='lat' dir='ltr'>vero</span> <span class='ocrx_word' id='word_1_71' title='bbox 1408 1472 1707 1536; x_wconf 20' lang='lat' dir='ltr'>Deo‘aspirante</span> <span class='ocrx_word' id='word_1_72' title='bbox 1728 1474 1780 1536; x_wconf 57' lang='lat' dir='ltr'>eo</span> <span class='ocrx_word' id='word_1_73' title='bbox 1798 1474 1873 1535; x_wconf 82' lang='lat' dir='ltr'>ejus</span> <span class='ocrx_word' id='word_1_74' title='bbox 1887 1475 1980 1514; x_wconf 82' lang='lat' dir='ltr'>vitae</span> <span class='ocrx_word' id='word_1_75' title='bbox 1997 1472 2100 1515; x_wconf 89' lang='lat' dir='ltr'>felici</span> <span class='ocrx_word' id='word_1_76' title='bbox 2115 1474 2237 1527; x_wconf 79' lang='lat' dir='ltr'>exitu,</span> <span class='ocrx_word' id='word_1_77' title='bbox 2257 1484 2370 1528; x_wconf 88' lang='lat' dir='ltr'>prout</span> 
     </span>
     <span class='ocr_line' id='line_1_13' title="bbox 149 1527 2439 1591; baseline -0.004 -13"><span class='ocrx_word' id='word_1_78' title='bbox 149 1536 404 1591; x_wconf 81' lang='lat' dir='ltr'><em>Anglicarum</em></span> <span class='ocrx_word' id='word_1_79' title='bbox 426 1533 698 1574; x_wconf 83' lang='lat' dir='ltr'>chronicarum</span> <span class='ocrx_word' id='word_1_80' title='bbox 723 1541 936 1583; x_wconf 81' lang='lat' dir='ltr'>reperimus</span> <span class='ocrx_word' id='word_1_81' title='bbox 961 1539 1125 1579; x_wconf 82' lang='lat' dir='ltr'>textum,</span> <span class='ocrx_word' id='word_1_82' title='bbox 1150 1527 1399 1581; x_wconf 87' lang='lat' dir='ltr'>fidchumque</span> <span class='ocrx_word' id='word_1_83' title='bbox 1431 1540 1604 1569; x_wconf 80' lang='lat' dir='ltr'>virorum</span> <span class='ocrx_word' id='word_1_84' title='bbox 1636 1527 1812 1569; x_wconf 76' lang='lat' dir='ltr'>credibili</span> <span class='ocrx_word' id='word_1_85' title='bbox 1840 1528 1972 1580; x_wconf 81' lang='lat' dir='ltr'>relatu,</span> <span class='ocrx_word' id='word_1_86' title='bbox 2012 1528 2073 1568; x_wconf 83' lang='lat' dir='ltr'>vel</span> <span class='ocrx_word' id='word_1_87' title='bbox 2097 1541 2184 1582; x_wconf 84' lang='lat' dir='ltr'>quae</span> <span class='ocrx_word' id='word_1_88' title='bbox 2207 1542 2278 1570; x_wconf 91' lang='lat' dir='ltr'>nos</span> <span class='ocrx_word' id='word_1_89' title='bbox 2300 1527 2371 1582; x_wconf 77' lang='lat' dir='ltr'>ipsi</span> <span class='ocrx_word' id='word_1_90' title='bbox 2437 1539 2439 1541; x_wconf 84' lang='lat'>·</span> 
     </span>
    </p>
   </div>
   <div class='ocr_carea' id='block_1_10' title="bbox 150 1579 2372 1698">
    <p class='ocr_par' dir='ltr' id='par_1_10' title="bbox 150 1579 2372 1698">
     <span class='ocr_line' id='line_1_14' title="bbox 150 1579 2372 1637; baseline -0.009 -2"><span class='ocrx_word' id='word_1_91' title='bbox 150 1592 367 1634; x_wconf 80' lang='lat' dir='ltr'>indubitata</span> <span class='ocrx_word' id='word_1_92' title='bbox 387 1587 622 1636; x_wconf 82' lang='lat' dir='ltr'>audivimus,</span> <span class='ocrx_word' id='word_1_93' title='bbox 645 1583 707 1625; x_wconf 90' lang='lat' dir='ltr'>vel</span> <span class='ocrx_word' id='word_1_94' title='bbox 728 1582 907 1637; x_wconf 86' lang='lat' dir='ltr'>quaedam</span> <span class='ocrx_word' id='word_1_95' title='bbox 930 1596 1018 1636; x_wconf 87' lang='lat' dir='ltr'>quae</span> <span class='ocrx_word' id='word_1_96' title='bbox 1040 1582 1160 1622; x_wconf 86' lang='lat' dir='ltr'>oculis</span> <span class='ocrx_word' id='word_1_97' title='bbox 1184 1581 1412 1635; x_wconf 87' lang='lat' dir='ltr'>aspeximus,</span> <span class='ocrx_word' id='word_1_98' title='bbox 1439 1581 1585 1623; x_wconf 88' lang='lat' dir='ltr'>amodo</span> <span class='ocrx_word' id='word_1_99' title='bbox 1613 1579 1779 1625; x_wconf 89' lang='lat' dir='ltr'>fideliter</span> <span class='ocrx_word' id='word_1_100' title='bbox 1806 1592 1952 1632; x_wconf 85' lang='lat' dir='ltr'>notata,</span> <span class='ocrx_word' id='word_1_101' title='bbox 1975 1580 2160 1636; x_wconf 20' lang='lat' dir='ltr'>*fidelium</span> <span class='ocrx_word' id='word_1_102' title='bbox 2187 1580 2372 1625; x_wconf 75' lang='lat' dir='ltr'>succesib-</span> 
     </span>
     <span class='ocr_line' id='line_1_15' title="bbox 151 1636 1137 1698; baseline -0.016 -9"><span class='ocrx_word' id='word_1_103' title='bbox 151 1659 240 1688; x_wconf 86' lang='lat' dir='ltr'>rutn</span> <span class='ocrx_word' id='word_1_104' title='bbox 261 1640 511 1698; x_wconf 82' lang='lat' dir='ltr'>relinquenda</span> <span class='ocrx_word' id='word_1_105' title='bbox 529 1639 697 1693; x_wconf 87' lang='lat' dir='ltr'>dignum</span> <span class='ocrx_word' id='word_1_106' title='bbox 717 1636 899 1676; x_wconf 85' lang='lat' dir='ltr'>duximus</span> <span class='ocrx_word' id='word_1_107' title='bbox 921 1636 1137 1676; x_wconf 85' lang='lat' dir='ltr'>memoriae.</span> 
     </span>
    </p>
   </div>
   <div class='ocr_carea' id='block_1_11' title="bbox 687 1759 1840 1834">
    <p class='ocr_par' dir='ltr' id='par_1_11' title="bbox 687 1759 1840 1834">
     <span class='ocr_line' id='line_1_16' title="bbox 687 1759 1840 1834; baseline 0.001 -19"><span class='ocrx_word' id='word_1_108' title='bbox 687 1759 818 1815; x_wconf 85' lang='lat' dir='ltr'>Idem</span> <span class='ocrx_word' id='word_1_109' title='bbox 849 1760 901 1813; x_wconf 85' lang='lat' dir='ltr'>in</span> <span class='ocrx_word' id='word_1_110' title='bbox 931 1761 1211 1833; x_wconf 81' lang='lat' dir='ltr'>Genealogia</span> <span class='ocrx_word' id='word_1_111' title='bbox 1240 1761 1415 1834; x_wconf 81' lang='lat' dir='ltr'><em>Regum</em></span> <span class='ocrx_word' id='word_1_112' title='bbox 1449 1760 1840 1833; x_wconf 76' lang='lat' dir='ltr'><em>West-Saxonum.</em></span> 
     </span>
    </p>
   </div>
   <div class='ocr_carea' id='block_1_12' title="bbox 163 1856 2375 1969">
    <p class='ocr_par' dir='ltr' id='par_1_12' title="bbox 163 1856 2375 1969">
     <span class='ocr_line' id='line_1_17' title="bbox 213 1856 2375 1919; baseline -0.004 -9"><span class='ocrx_word' id='word_1_113' title='bbox 213 1864 375 1910; x_wconf 84' lang='lat' dir='ltr'>Deinde</span> <span class='ocrx_word' id='word_1_114' title='bbox 400 1861 449 1918; x_wconf 81' lang='lat' dir='ltr'>[i.</span> <span class='ocrx_word' id='word_1_115' title='bbox 470 1874 503 1903; x_wconf 86' lang='lat' dir='ltr'>e.</span> <span class='ocrx_word' id='word_1_116' title='bbox 524 1858 612 1913; x_wconf 61' lang='lat' dir='ltr'>post</span> <span class='ocrx_word' id='word_1_117' title='bbox 641 1857 890 1919; x_wconf 57' lang='lat' dir='ltr'><em>sexburgam]</em></span> <span class='ocrx_word' id='word_1_118' title='bbox 920 1856 1073 1918; x_wconf 80' lang='lat' dir='ltr'>Kenfus</span> <span class='ocrx_word' id='word_1_119' title='bbox 1103 1856 1254 1898; x_wconf 89' lang='lat' dir='ltr'>duobus</span> <span class='ocrx_word' id='word_1_120' title='bbox 1281 1859 1393 1899; x_wconf 88' lang='lat' dir='ltr'>annis</span> <span class='ocrx_word' id='word_1_121' title='bbox 1423 1857 1631 1900; x_wconf 68' lang='lat' dir='ltr'>stzcundum</span> <span class='ocrx_word' id='word_1_122' title='bbox 1661 1858 1767 1900; x_wconf 67' lang='lat' dir='ltr'>dista</span> <span class='ocrx_word' id='word_1_123' title='bbox 1795 1858 1923 1913; x_wconf 88' lang='lat' dir='ltr'>Regis</span> <span class='ocrx_word' id='word_1_124' title='bbox 1946 1857 2117 1913; x_wconf 82' lang='lat' dir='ltr'>Alfredi,</span> <span class='ocrx_word' id='word_1_125' title='bbox 2147 1860 2258 1914; x_wconf 79' lang='lat' dir='ltr'>juxta</span> <span class='ocrx_word' id='word_1_126' title='bbox 2279 1863 2375 1904; x_wconf 64' lang='lat' dir='ltr'>verb</span> 
     </span>
     <span class='ocr_line' id='line_1_18' title="bbox 163 1910 2026 1969; baseline -0.007 -5"><span class='ocrx_word' id='word_1_127' title='bbox 163 1922 385 1968; x_wconf 82' lang='lat' dir='ltr'><em>chronicam</em></span> <span class='ocrx_word' id='word_1_128' title='bbox 407 1914 612 1969; x_wconf 82' lang='lat' dir='ltr'><em>Anglicam</em></span> <span class='ocrx_word' id='word_1_129' title='bbox 634 1913 731 1955; x_wconf 86' lang='lat' dir='ltr'>filius</span> <span class='ocrx_word' id='word_1_130' title='bbox 752 1925 827 1966; x_wconf 76' lang='lat' dir='ltr'>ejus</span> <span class='ocrx_word' id='word_1_131' title='bbox 845 1910 1068 1954; x_wconf 86' lang='lat' dir='ltr'>AEscwmus</span> <span class='ocrx_word' id='word_1_132' title='bbox 1086 1911 1168 1953; x_wconf 89' lang='lat' dir='ltr'>fere</span> <span class='ocrx_word' id='word_1_133' title='bbox 1184 1912 1306 1954; x_wconf 86' lang='lat' dir='ltr'>tribus</span> <span class='ocrx_word' id='word_1_134' title='bbox 1322 1913 1435 1953; x_wconf 90' lang='lat' dir='ltr'>annis</span> <span class='ocrx_word' id='word_1_135' title='bbox 1454 1914 1643 1968; x_wconf 85' lang='lat' dir='ltr'>regnavit.</span> <span class='ocrx_word' id='word_1_136' title='bbox 2022 1940 2026 1942; x_wconf 14' lang='grc' dir='ltr'>ἡ</span> 
     </span>
    </p>
   </div>
   <div class='ocr_carea' id='block_1_13' title="bbox 919 2038 1639 2113">
    <p class='ocr_par' dir='ltr' id='par_1_13' title="bbox 919 2038 1639 2113">
     <span class='ocr_line' id='line_1_19' title="bbox 919 2038 1639 2113; baseline 0.003 -21"><span class='ocrx_word' id='word_1_137' title='bbox 919 2038 1052 2092; x_wconf 86' lang='lat' dir='ltr'>Idem</span> <span class='ocrx_word' id='word_1_138' title='bbox 1078 2040 1130 2093; x_wconf 80' lang='lat' dir='ltr'>in</span> <span class='ocrx_word' id='word_1_139' title='bbox 1161 2038 1320 2093; x_wconf 78' lang='lat' dir='ltr'>eadem</span> <span class='ocrx_word' id='word_1_140' title='bbox 1346 2040 1639 2113; x_wconf 81' lang='lat' dir='ltr'>Genealogia.</span> 
     </span>
    </p>
   </div>
   <div class='ocr_carea' id='block_1_14' title="bbox 169 2133 2383 2246">
    <p class='ocr_par' dir='ltr' id='par_1_14' title="bbox 169 2133 2383 2246">
     <span class='ocr_line' id='line_1_20' title="bbox 178 2133 2383 2198; baseline -0.002 -14"><span class='ocrx_word' id='word_1_141' title='bbox 178 2194 183 2198; x_wconf 19' lang='grc' dir='ltr'><strong>Ἴ</strong></span> <span class='ocrx_word' id='word_1_142' title='bbox 223 2143 349 2185; x_wconf 83' lang='lat' dir='ltr'>Anno</span> <span class='ocrx_word' id='word_1_143' title='bbox 371 2137 601 2180; x_wconf 86' lang='lat' dir='ltr'>Dominicae</span> <span class='ocrx_word' id='word_1_144' title='bbox 624 2135 903 2177; x_wconf 86' lang='lat' dir='ltr'>Incarnationis</span> <span class='ocrx_word' id='word_1_145' title='bbox 931 2133 1141 2176; x_wconf 84' lang='lat' dir='ltr'>secundum</span> <span class='ocrx_word' id='word_1_146' title='bbox 1170 2133 1406 2189; x_wconf 86' lang='lat' dir='ltr'>Dionyfium</span> <span class='ocrx_word' id='word_1_147' title='bbox 1429 2147 1550 2177; x_wconf 74' lang='lat' dir='ltr'>Dx1x.</span> <span class='ocrx_word' id='word_1_148' title='bbox 1580 2136 1769 2178; x_wconf 87' lang='lat' dir='ltr'>Cerdicus</span> <span class='ocrx_word' id='word_1_149' title='bbox 1796 2138 1841 2179; x_wconf 66' lang='grc' dir='ltr'>ὅ(</span> <span class='ocrx_word' id='word_1_150' title='bbox 1872 2135 2064 2178; x_wconf 86' lang='lat' dir='ltr'>Kcnricus</span> <span class='ocrx_word' id='word_1_151' title='bbox 2087 2137 2184 2178; x_wconf 84' lang='lat' dir='ltr'>filius</span> <span class='ocrx_word' id='word_1_152' title='bbox 2211 2139 2302 2192; x_wconf 79' lang='lat' dir='ltr'>ejus,</span> <span class='ocrx_word' id='word_1_153' title='bbox 2325 2138 2383 2180; x_wconf 67' lang='lat' dir='ltr'>st:-</span> 
     </span>
     <span class='ocr_line' id='line_1_21' title="bbox 169 2187 1624 2246; baseline -0.008 -5"><span class='ocrx_word' id='word_1_154' title='bbox 169 2196 342 2241; x_wconf 85' lang='lat' dir='ltr'>cundum</span> <span class='ocrx_word' id='word_1_155' title='bbox 364 2192 570 2246; x_wconf 83' lang='lat' dir='ltr'><em>Anglicam</em></span> <span class='ocrx_word' id='word_1_156' title='bbox 592 2190 809 2231; x_wconf 80' lang='lat' dir='ltr'><em>chronicam</em></span> <span class='ocrx_word' id='word_1_157' title='bbox 830 2191 876 2230; x_wconf 87' lang='lat' dir='ltr'>in</span> <span class='ocrx_word' id='word_1_158' title='bbox 896 2187 1201 2230; x_wconf 78' lang='lat' dir='ltr'>west-saxonia</span> <span class='ocrx_word' id='word_1_159' title='bbox 1225 2201 1387 2244; x_wconf 85' lang='lat' dir='ltr'>regnare</span> <span class='ocrx_word' id='word_1_160' title='bbox 1410 2200 1624 2244; x_wconf 84' lang='lat' dir='ltr'>coeperunt.</span> 
     </span>
    </p>
   </div>
   <div class='ocr_carea' id='block_1_15' title="bbox 725 2314 1831 2390">
    <p class='ocr_par' dir='ltr' id='par_1_15' title="bbox 725 2314 1831 2390">
     <span class='ocr_line' id='line_1_22' title="bbox 725 2314 1831 2390; baseline 0 -19"><span class='ocrx_word' id='word_1_161' title='bbox 725 2316 971 2371; x_wconf 76' lang='lat' dir='ltr'><em>Wzllelmm</em></span> <span class='ocrx_word' id='word_1_162' title='bbox 1003 2314 1421 2389; x_wconf 82' lang='lat' dir='ltr'>Malmesburiensts</span> <span class='ocrx_word' id='word_1_163' title='bbox 1453 2315 1562 2371; x_wconf 84' lang='lat' dir='ltr'><em>Lib.</em></span> <span class='ocrx_word' id='word_1_164' title='bbox 1583 2338 1628 2371; x_wconf 90' lang='lat'>1.</span> <span class='ocrx_word' id='word_1_165' title='bbox 1661 2318 1762 2390; x_wconf 84' lang='lat' dir='ltr'><em>Cap.</em></span> <span class='ocrx_word' id='word_1_166' title='bbox 1787 2338 1831 2371; x_wconf 91' lang='lat'>1.</span> 
     </span>
    </p>
   </div>
   <div class='ocr_carea' id='block_1_16' title="bbox 231 2394 2331 2465">
    <p class='ocr_par' dir='ltr' id='par_1_16' title="bbox 231 2394 2331 2465">
     <span class='ocr_line' id='line_1_23' title="bbox 231 2394 2331 2465; baseline -0.002 -8"><span class='ocrx_word' id='word_1_167' title='bbox 231 2394 515 2463; x_wconf 62' lang='lat' dir='ltr'>AEthelbertuc‚</span> <span class='ocrx_word' id='word_1_168' title='bbox 537 2409 635 2452; x_wconf 86' lang='lat' dir='ltr'>filius</span> <span class='ocrx_word' id='word_1_169' title='bbox 645 2408 853 2462; x_wconf 86' lang='lat' dir='ltr'>Ermerici‚</span> <span class='ocrx_word' id='word_1_170' title='bbox 878 2420 1006 2450; x_wconf 88' lang='lat' dir='ltr'>rerum</span> <span class='ocrx_word' id='word_1_171' title='bbox 1019 2409 1164 2462; x_wconf 89' lang='lat' dir='ltr'>potitus</span> <span class='ocrx_word' id='word_1_172' title='bbox 1179 2420 1240 2461; x_wconf 64' lang='lat'>&lt;53⁴</span> <span class='ocrx_word' id='word_1_173' title='bbox 1259 2421 1382 2449; x_wconf 85' lang='lat' dir='ltr'>annos</span> <span class='ocrx_word' id='word_1_174' title='bbox 1399 2410 1505 2462; x_wconf 80' lang='lat' dir='ltr'>juxta</span> <span class='ocrx_word' id='word_1_175' title='bbox 1524 2408 1761 2461; x_wconf 80' lang='lat' dir='ltr'><em>chronicam,</em></span> <span class='ocrx_word' id='word_1_176' title='bbox 1778 2409 1884 2462; x_wconf 81' lang='lat' dir='ltr'>juxta</span> <span class='ocrx_word' id='word_1_177' title='bbox 1896 2407 2038 2451; x_wconf 87' lang='lat' dir='ltr'>Bedam</span> <span class='ocrx_word' id='word_1_178' title='bbox 2056 2410 2118 2459; x_wconf 88' lang='lat'>56.</span> <span class='ocrx_word' id='word_1_179' title='bbox 2139 2409 2331 2465; x_wconf 79' lang='lat' dir='ltr'>transegit.</span> 
     </span>
    </p>
   </div>
   <div class='ocr_carea' id='block_1_17' title="bbox 899 2533 1667 2608">
    <p class='ocr_par' dir='ltr' id='par_1_17' title="bbox 899 2533 1667 2608">
     <span class='ocr_line' id='line_1_24' title="bbox 899 2533 1667 2608; baseline 0 -18"><span class='ocrx_word' id='word_1_180' title='bbox 899 2533 1074 2608; x_wconf 73' lang='lat' dir='ltr'><em>Wffius·</em></span> <span class='ocrx_word' id='word_1_181' title='bbox 1104 2534 1160 2588; x_wconf 85' lang='lat' dir='ltr'>de</span> <span class='ocrx_word' id='word_1_182' title='bbox 1185 2533 1436 2608; x_wconf 60' lang='lat' dir='ltr'>Hzstoricis</span> <span class='ocrx_word' id='word_1_183' title='bbox 1464 2536 1667 2590; x_wconf 62' lang='lat' dir='ltr'>Latinis.</span> 
     </span>
    </p>
   </div>
   <div class='ocr_carea' id='block_1_18' title="bbox 182 2632 2391 2748">
    <p class='ocr_par' dir='ltr' id='par_1_18' title="bbox 182 2632 2391 2748">
     <span class='ocr_line' id='line_1_25' title="bbox 232 2632 2391 2691; baseline -0.005 -8"><span class='ocrx_word' id='word_1_184' title='bbox 232 2640 450 2684; x_wconf 79' lang='lat' dir='ltr'>Florentius</span> <span class='ocrx_word' id='word_1_185' title='bbox 469 2635 759 2691; x_wconf 86' lang='lat' dir='ltr'>Wigornienfis</span> <span class='ocrx_word' id='word_1_186' title='bbox 778 2636 997 2689; x_wconf 86' lang='lat' dir='ltr'>composuit</span> <span class='ocrx_word' id='word_1_187' title='bbox 1019 2636 1254 2678; x_wconf 89' lang='lat' dir='ltr'>Chronicon</span> <span class='ocrx_word' id='word_1_188' title='bbox 1277 2647 1325 2675; x_wconf 83' lang='lat' dir='ltr'>ex</span> <span class='ocrx_word' id='word_1_189' title='bbox 1343 2634 1567 2676; x_wconf 87' lang='lat' dir='ltr'>Chronicis.</span> <span class='ocrx_word' id='word_1_190' title='bbox 1608 2635 1741 2688; x_wconf 83' lang='lat' dir='ltr'>Atque</span> <span class='ocrx_word' id='word_1_191' title='bbox 1761 2633 1800 2673; x_wconf 91' lang='lat' dir='ltr'>id</span> <span class='ocrx_word' id='word_1_192' title='bbox 1821 2645 1918 2687; x_wconf 83' lang='lat' dir='ltr'>opus</span> <span class='ocrx_word' id='word_1_193' title='bbox 1937 2645 1987 2674; x_wconf 89' lang='lat' dir='ltr'>eo</span> <span class='ocrx_word' id='word_1_194' title='bbox 2009 2633 2162 2686; x_wconf 85' lang='lat' dir='ltr'>majoris</span> <span class='ocrx_word' id='word_1_195' title='bbox 2181 2632 2271 2673; x_wconf 84' lang='lat' dir='ltr'>duci</span> <span class='ocrx_word' id='word_1_196' title='bbox 2291 2644 2391 2673; x_wconf 87' lang='lat' dir='ltr'>con-</span> 
     </span>
     <span class='ocr_line' id='line_1_26' title="bbox 182 2687 1832 2748; baseline -0.007 -11"><span class='ocrx_word' id='word_1_197' title='bbox 182 2696 309 2746; x_wconf 87' lang='lat' dir='ltr'>venit,</span> <span class='ocrx_word' id='word_1_198' title='bbox 332 2692 440 2748; x_wconf 78' lang='lat' dir='ltr'>quod</span> <span class='ocrx_word' id='word_1_199' title='bbox 461 2691 602 2735; x_wconf 75' lang='lat' dir='ltr'>Latine</span> <span class='ocrx_word' id='word_1_200' title='bbox 621 2691 659 2732; x_wconf 89' lang='lat' dir='ltr'>ei</span> <span class='ocrx_word' id='word_1_201' title='bbox 675 2688 884 2731; x_wconf 87' lang='lat' dir='ltr'>inserantur</span> <span class='ocrx_word' id='word_1_202' title='bbox 903 2689 973 2730; x_wconf 85' lang='lat' dir='ltr'>suis</span> <span class='ocrx_word' id='word_1_203' title='bbox 993 2690 1088 2731; x_wconf 78' lang='lat' dir='ltr'>locis</span> <span class='ocrx_word' id='word_1_204' title='bbox 1108 2690 1260 2743; x_wconf 82' lang='lat' dir='ltr'>antiqui</span> <span class='ocrx_word' id='word_1_205' title='bbox 1280 2688 1621 2740; x_wconf 73' lang='lat' dir='ltr'><em>Angla-Saxonum</em></span> <span class='ocrx_word' id='word_1_206' title='bbox 1645 2687 1832 2727; x_wconf 76' lang='lat' dir='ltr'>Annales.</span> 
     </span>
    </p>
   </div>
   <div class='ocr_carea' id='block_1_19' title="bbox 862 2812 1776 2887">
    <p class='ocr_par' dir='ltr' id='par_1_19' title="bbox 862 2812 1776 2887">
     <span class='ocr_line' id='line_1_27' title="bbox 862 2812 1776 2887; baseline -0.003 -18"><span class='ocrx_word' id='word_1_207' title='bbox 862 2813 1089 2887; x_wconf 69' lang='lat' dir='ltr'>Praefatio</span> <span class='ocrx_word' id='word_1_208' title='bbox 1117 2816 1186 2869; x_wconf 83' lang='lat' dir='ltr'>ad</span> <span class='ocrx_word' id='word_1_209' title='bbox 1208 2816 1371 2870; x_wconf 72' lang='lat' dir='ltr'><em>Vitam</em></span> <span class='ocrx_word' id='word_1_210' title='bbox 1396 2814 1533 2887; x_wconf 67' lang='lat' dir='ltr'>Rego&#39;s</span> <span class='ocrx_word' id='word_1_211' title='bbox 1557 2812 1776 2886; x_wconf 63' lang='lat' dir='ltr'>AEffi‘edi.</span> 
     </span>
    </p>
   </div>
   <div class='ocr_carea' id='block_1_20' title="bbox 187 2872 2396 3018">
    <p class='ocr_par' dir='ltr' id='par_1_20' title="bbox 187 2872 2396 3018">
     <span class='ocr_line' id='line_1_28' title="bbox 2076 2872 2090 2887; baseline 0 0"><span class='ocrx_word' id='word_1_212' title='bbox 2076 2872 2090 2887; x_wconf 70' lang='lat'><em>0</em></span> 
     </span>
     <span class='ocr_line' id='line_1_29' title="bbox 207 2907 2395 2965; baseline -0.002 -11"><span class='ocrx_word' id='word_1_213' title='bbox 207 2940 211 2945; x_wconf 87' lang='lat'><em>-</em></span> <span class='ocrx_word' id='word_1_214' title='bbox 244 2914 448 2957; x_wconf 81' lang='lat' dir='ltr'><em>chronicon</em></span> <span class='ocrx_word' id='word_1_215' title='bbox 472 2914 687 2951; x_wconf 80' lang='lat' dir='ltr'><em>Saxonicum</em></span> <span class='ocrx_word' id='word_1_216' title='bbox 709 2910 814 2965; x_wconf 89' lang='lat' dir='ltr'>quod</span> <span class='ocrx_word' id='word_1_217' title='bbox 837 2911 990 2952; x_wconf 78' lang='lat' dir='ltr'>Codice</span> <span class='ocrx_word' id='word_1_218' title='bbox 1005 2911 1114 2953; x_wconf 89' lang='lat' dir='ltr'>bono</span> <span class='ocrx_word' id='word_1_219' title='bbox 1133 2910 1331 2950; x_wconf 85' lang='lat' dir='ltr'>destitutus</span> <span class='ocrx_word' id='word_1_220' title='bbox 1351 2909 1473 2949; x_wconf 84' lang='lat' dir='ltr'>edidit</span> <span class='ocrx_word' id='word_1_221' title='bbox 1493 2909 1734 2950; x_wconf 65' lang='lat' dir='ltr'>doeciffimus</span> <span class='ocrx_word' id='word_1_222' title='bbox 1754 2908 1811 2947; x_wconf 85' lang='lat' dir='ltr'>W</span> <span class='ocrx_word' id='word_1_223' title='bbox 1816 2909 2008 2961; x_wconf 75' lang='lat' dir='ltr'>hcelocus,</span> <span class='ocrx_word' id='word_1_224' title='bbox 2029 2907 2157 2949; x_wconf 79' lang='lat' dir='ltr'>addita</span> <span class='ocrx_word' id='word_1_225' title='bbox 2175 2910 2290 2950; x_wconf 83' lang='lat' dir='ltr'>etiam</span> <span class='ocrx_word' id='word_1_226' title='bbox 2315 2909 2395 2962; x_wconf 84' lang='lat' dir='ltr'>(sed</span> 
     </span>
     <span class='ocr_line' id='line_1_30' title="bbox 187 2963 2396 3018; baseline -0.002 -9"><span class='ocrx_word' id='word_1_227' title='bbox 187 2966 390 3010; x_wconf 85' lang='lat' dir='ltr'>oscitanter</span> <span class='ocrx_word' id='word_1_228' title='bbox 407 2966 522 3016; x_wconf 55' lang='lat' dir='ltr'>faeta)</span> <span class='ocrx_word' id='word_1_229' title='bbox 550 2967 866 3018; x_wconf 81' lang='lat' dir='ltr'>interpretatione</span> <span class='ocrx_word' id='word_1_230' title='bbox 889 2964 1044 3017; x_wconf 65' lang='lat' dir='ltr'>Latin-52,</span> <span class='ocrx_word' id='word_1_231' title='bbox 1072 2965 1098 3005; x_wconf 80' lang='lat' dir='ltr'>si</span> <span class='ocrx_word' id='word_1_232' title='bbox 1119 2966 1141 3005; x_wconf 65' lang='grc' dir='ltr'>ὲ</span> <span class='ocrx_word' id='word_1_233' title='bbox 1158 2964 1309 3004; x_wconf 82' lang='lat' dir='ltr'>medica</span> <span class='ocrx_word' id='word_1_234' title='bbox 1329 2964 1509 3017; x_wconf 82' lang='lat' dir='ltr'>quapiam</span> <span class='ocrx_word' id='word_1_235' title='bbox 1533 2977 1651 3003; x_wconf 81' lang='lat' dir='ltr'>manu</span> <span class='ocrx_word' id='word_1_236' title='bbox 1673 2963 1719 3003; x_wconf 81' lang='lat' dir='ltr'>ad</span> <span class='ocrx_word' id='word_1_237' title='bbox 1745 2965 1974 3017; x_wconf 68' lang='lat' dir='ltr'>primaevum</span> <span class='ocrx_word' id='word_1_238' title='bbox 2003 2964 2168 3002; x_wconf 76' lang='lat' dir='ltr'>nitorem</span> <span class='ocrx_word' id='word_1_239' title='bbox 2195 2966 2238 3006; x_wconf 86' lang='lat'>&amp;</span> <span class='ocrx_word' id='word_1_240' title='bbox 2261 2963 2396 3004; x_wconf 74' lang='lat' dir='ltr'>sanita-</span> 
     </span>
    </p>
   </div>
   <div class='ocr_carea' id='block_1_21' title="bbox 189 3016 2397 3118">
    <p class='ocr_par' dir='ltr' id='par_1_21' title="bbox 189 3016 2397 3118">
     <span class='ocr_line' id='line_1_31' title="bbox 189 3016 2397 3116; baseline -0.001 -53"><span class='ocrx_word' id='word_1_241' title='bbox 189 3033 269 3083; x_wconf 66' lang='lat' dir='ltr'>teni</span> <span class='ocrx_word' id='word_1_242' title='bbox 293 3021 548 3116; x_wconf 73' lang='lat' dir='ltr'>rsestitueretur</span> <span class='ocrx_word' id='word_1_243' title='bbox 574 3019 695 3071; x_wconf 83' lang='lat' dir='ltr'>(quod</span> <span class='ocrx_word' id='word_1_244' title='bbox 712 3019 988 3074; x_wconf 79' lang='lat' dir='ltr'>desperandum</span> <span class='ocrx_word' id='word_1_245' title='bbox 1006 3033 1088 3061; x_wconf 87' lang='lat' dir='ltr'>non</span> <span class='ocrx_word' id='word_1_246' title='bbox 1111 3018 1181 3071; x_wconf 90' lang='lat' dir='ltr'>est)</span> <span class='ocrx_word' id='word_1_247' title='bbox 1207 3017 1335 3060; x_wconf 82' lang='lat' dir='ltr'>nescio</span> <span class='ocrx_word' id='word_1_248' title='bbox 1355 3030 1535 3072; x_wconf 79' lang='lat' dir='ltr'>quaenam</span> <span class='ocrx_word' id='word_1_249' title='bbox 1556 3018 1579 3057; x_wconf 81' lang='grc' dir='ltr'>ὲ</span> <span class='ocrx_word' id='word_1_250' title='bbox 1599 3019 1737 3059; x_wconf 87' lang='lat' dir='ltr'>vicinis</span> <span class='ocrx_word' id='word_1_251' title='bbox 1762 3017 1941 3072; x_wconf 84' lang='lat' dir='ltr'>gentibus</span> <span class='ocrx_word' id='word_1_252' title='bbox 1961 3030 2029 3071; x_wconf 81' lang='lat' dir='ltr'>par</span> <span class='ocrx_word' id='word_1_253' title='bbox 2051 3016 2190 3058; x_wconf 76' lang='lat' dir='ltr'>habeat</span> <span class='ocrx_word' id='word_1_254' title='bbox 2209 3018 2397 3072; x_wconf 75' lang='lat' dir='ltr'>Antiqui-</span> 
     </span>
     <span class='ocr_line' id='line_1_32' title="bbox 190 3083 711 3118; baseline -0.012 0"><span class='ocrx_word' id='word_1_255' title='bbox 190 3087 276 3118; x_wconf 75' lang='lat' dir='ltr'>tatis</span> <span class='ocrx_word' id='word_1_256' title='bbox 313 3087 370 3116; x_wconf 84' lang='lat' dir='ltr'>uae</span> <span class='ocrx_word' id='word_1_257' title='bbox 397 3083 711 3114; x_wconf 84' lang='lat' dir='ltr'>monumentum.</span> 
     </span>
    </p>
   </div>
   <div class='ocr_carea' id='block_1_22' title="bbox 2019 3444 2402 3499">
    <p class='ocr_par' dir='ltr' id='par_1_22' title="bbox 2019 3444 2402 3499">
     <span class='ocr_line' id='line_1_33' title="bbox 2019 3444 2402 3499; baseline -0.003 -1"><span class='ocrx_word' id='word_1_258' title='bbox 2019 3444 2402 3499; x_wconf 85' lang='lat' dir='ltr'>CHRONI-</span> 
     </span>
    </p>
   </div>
  </div>
 </body>
</html>
