2581 3683
39 3312 43 3316 ”
115 3313 337 3367 AElfredus
363 3315 472 3367 Rex,
508 3315 643 3361 tribus
674 3314 829 3368 effossis
863 3314 1077 3361 canalibus
1110 3315 1184 3361 Li-

901 161 1602 212 EXPLICATIO.
2302 189 2358 249 ¹3

1285 258 1392 306 gum
1441 245 1532 308 post
1578 261 1748 308 ternpus
1789 244 1897 290 nulli
1933 262 2038 308 pene
2078 245 2170 292 usui
2212 247 2358 295 fuer1t.

1354 312 1603 369 Arsanoun.
1651 308 1804 373 1503.
1839 327 2024 373 151,31.
2061 312 2277 373 Effendun,
2301 316 2356 360 L.

1285 373 1510 433 Affendun,
1537 378 1580 422 S.
1609 375 1760 422 Hovd.
1808 375 1836 420 i.
1865 393 1901 419 e.
1938 389 2133 422 vertente
2166 379 2358 437 Florent-

1284 456 1394 485 mons
1410 445 1524 503 asini.
1595 443 1738 488 Locus
1763 441 1911 505 praelio
1927 439 2038 486 inter
2053 443 2357 490 Eadmundum

1284 506 1452 568 Regem
1480 511 1521 552 &
1537 508 1758 554 Canutum
1782 506 2094 552 celeberrimus
2144 508 2212 553 Cl.
2237 515 2360 559 Cam-

1284 569 1408 616 denus
1433 571 1644 619 existimat
1676 572 1863 618 eundem
1891 570 1971 617 effe
1995 571 2069 636 qui
2096 571 2224 618 hodie
2246 574 2359 637 ἕως

1283 638 1435 690 buum
1468 652 1675 691 vocatur,
1721 637 1764 682 in
1800 636 1969 683 Boreali
2004 650 2124 701 parte
2159 638 2250 702 agri
2287 641 2361 699 Ef-

1272 700 1473 762 fiexiensis.
1541 703 1639 749 Nec
1663 703 1842 749 dubium
1873 702 1976 766 quin
2004 704 2048 748 in
2075 701 2153 748 isto
2182 720 2285 767 agro
2309 704 2360 751 fit

1283 758 1553 830 quaer'endus,
1591 784 1687 814 cum
1723 768 1913 832 plerique
1941 784 2088 814 omnes
2114 769 2266 815 harum
2296 787 2360 816 re-

1284 848 1380 877 rum
1405 832 1640 894 Scriptores
1664 832 1706 878 in
1729 849 1780 877 eo
1803 846 2040 894 pugnatum
2064 831 2185 880 fuiffe
2217 836 2359 881 verbis

1285 893 1448 941 disertis
1473 895 1721 942 asseverent.
1792 898 1874 942 Sed
1896 915 1947 942 an
1972 898 2083 960 apud
2109 898 2360 962 Ξῖἷῄῦοὶυη

1283 959 1464 1005 dubium
1490 959 1639 1023 plane3
1675 960 1703 1006 fi
1726 960 1900 1024 quidem
1924 978 2020 1025 quae
2043 963 2171 1009 hodie
2193 965 2285 1011 loca
2305 981 2359 1012 eo

1283 1023 1459 1070 nomine
1485 1025 1769 1089 appellantur,
1805 1025 2038 1091 antiquitus
2065 1025 2152 1073 fere
2176 1030 2358 1090 AErcer-

1282 1098 1398 1135 hune
1440 1088 1748 1137 scribebantur.
1816 1092 2089 1139 Crediderim
2132 1108 2215 1157 ego
2261 1094 2359 1157 (nifi

1281 1153 1393 1201 istud
1426 1155 1583 1202 dixerit
1614 1157 1697 1204 Vir
1720 1157 1791 1204 Cl.
1820 1157 2024 1221 peculiari
2056 1159 2196 1231 aliqua
2227 1159 2357 1206 ratio—

1281 1220 1583 1294 neindu6‘tus)
1617 1221 1884 1287 flffisssstssll
1907 1223 2065 1286 potius,
2101 1222 2287 1284 ejusdem
2313 1241 2358 1273 a-

1278 1286 2357 1417 g‘¹s‘ff¹}xpss‘35uu‘}¹{132‡¹r¹1351¹3{22‘1²2.fssfsi‘ugufm,

1277 1414 1424 1478 cypic.
1466 1418 1659 1481 178,35.
1702 1434 1975 1484 ¹79230233·
2012 1435 2200 1483 192‚12.
2248 1421 2357 1466 Mo-

1279 1479 1506 1528 nasterium
1542 1481 1567 1529 a
1606 1484 1649 1528 S.
1687 1483 1927 1547 Augustino
1970 1484 2195 1531 Monacho
2243 1489 2355 1535 Can-

1278 1551 1426 1594 tuariae
1472 1547 1716 1595 conditum.
1786 1548 1936 1597 Hodie
1981 1549 2118 1615 vulgo
2176 1548 2353 1613 Quint

1274 1612 1507 1670 aufuns.

1344 1679 1622 1727 Axan-mu'o.
1656 1697 1700 1728 v.
1723 1679 2004 1729 Gxan-mu’o.

150 252 204 299 tis
219 251 355 301 caussa
375 250 576 306 contulit,
609 250 725 298 unde
759 253 953 298 Britanni
985 252 1217 297 Armorica-

150 323 206 365 ni.
275 319 423 366 Hodie
445 321 667 381 Bretagne.
979 349 982 354 -

217 382 707 447 Apunbel.p.2o5‚l.7.2
722 397 825 436 10‚2
837 398 877 446 5.
894 380 1040 428 Hodie
1053 379 1223 435 strum

149 447 233 502 hel
255 448 298 493 in
319 463 424 509 agro
453 447 700 509 Suffixienfi.

214 517 381 575 Appan.
424 529 616 578 ¹49219·
651 518 826 565 Arewe,
851 513 898 557 F.
915 511 1067 557 Hovd.
1114 509 1219 555 Vul-

146 576 258 640 garis
281 577 428 640 opinio
444 577 516 639 est,
553 578 812 625 Saxonicum
833 581 981 637 Anpan
1005 574 1086 621 esse
1102 575 1215 620 idern

146 642 263 705 quod
286 649 436 691 Arrow
453 642 615 689 flumen
640 642 683 688 in
700 658 802 705 agro
816 642 1091 703 Warwicerfi.
1129 640 1219 685 Ne-

145 723 229 771 que
252 709 424 772 quidem
449 708 592 769 negari
616 707 751 771 potest
772 708 874 771 quin
892 705 1071 767 majores
1087 704 1217 751 nostri

146 771 306 818 flumen
333 773 440 820 illud
462 773 739 828 Warwicense
764 773 1016 836 appellarint
1034 775 1187 833 Appan
1202 791 1215 817 .-

145 850 266 883 certo
287 838 458 884 interim
493 839 648 885 certius
673 837 733 884 est
754 855 840 884 non
854 838 895 883 id
927 835 1007 882 esse
1029 837 1073 882 in
1098 836 1216 901 quod

145 902 275 955 Dani,
313 903 526 951 Merciam
549 903 850 968 depraedaturi,
887 918 1019 948 naves
1042 900 1132 948 suas
1148 918 1218 964 ap-

143 966 294 1031 puliffe
325 970 369 1015 in
402 969 639 1016 Annalibus
671 967 820 1014 nostris
854 968 1072 1015 dicuntur.
1140 970 1217 1015 Ar·

140 1049 230 1078 row
256 1034 371 1080 enim
394 1033 551 1082 fluvius
574 1030 858 1095 Wrwicenfis
881 1036 924 1078 in
941 1048 1046 1095 agro
1059 1033 1220 1093 W'gor-

142 1100 272 1161 niensi
292 1098 434 1146 fontes
450 1099 655 1161 aperienS,
692 1097 772 1144 sese
787 1099 830 1143 in
854 1102 1061 1144 Avonam
1076 1093 1216 1140 statim

140 1161 342 1218 effundit,
387 1162 580 1228 ripasque
612 1162 739 1208 habet
765 1161 1041 1225 angustiores,
1088 1177 1216 1224 quam

141 1240 191 1274 ut
215 1243 276 1274 eae
299 1228 516 1275 naviculas
543 1226 671 1272 etiam
698 1243 885 1290 recipere
907 1224 1079 1289 poffint.
1149 1226 1215 1271 Ad

139 1293 250 1346 haec,
285 1294 447 1356 Tamefi
475 1292 665 1357 primum
699 1290 849 1355 egreffi
878 1289 973 1335 sunt
1006 1289 1134 1350 Dani,
1171 1294 1214 1336 &

136 1355 269 1419 spolia
291 1357 500 1421 navesque
523 1357 725 1403 dicuntur
748 1356 791 1401 in
810 1355 1075 1418 Medewaege
1100 1368 1213 1402 retu-

133 1420 254 1480 lisse,
289 1437 338 1468 ut
358 1421 452 1469 satis
465 1420 627 1468 constet
643 1423 924 1486 quaerendum
939 1419 1018 1466 effe
1033 1422 1117 1467 hoc
1133 1420 1214 1466 flu-

132 1503 234 1533 men
258 1503 345 1534 non
367 1488 495 1560 1012ge
511 1487 536 1534 a
560 1485 731 1552 Tamest.
799 1488 842 1534 Si
868 1488 921 1534 de
935 1503 1029 1532 mea
1050 1484 1216 1532 senten-

134 1552 195 1598 tia
216 1566 449 1617 quaeratur,
485 1552 600 1618 quod
628 1551 874 1613 conjefflura
895 1551 1095 1615 consequi
1123 1551 1213 1616 pos-

132 1615 244 1679 sum,
278 1618 388 1666 illud
421 1635 606 1681 ponam3
653 1617 759 1665 nihil
791 1618 962 1664 interim
999 1617 1104 1663 certi
1136 1617 1214 1665 sta-

133 1695 274 1728 tuens.
321 1683 499 1730 Fluvius
516 1682 574 1729 est
591 1684 690 1748 ripis
711 1684 826 1730 haud
839 1682 1043 1747 angustis,
1068 1683 1214 1730 alveo-

130 1764 216 1810 que
248 1747 343 1794 satis
377 1749 522 1814 pleno,
558 1749 804 1796 Comitatus
835 1748 1137 1812 Suffolciensem
1168 1754 1212 1796 &

129 1812 400 1876 Effixienfim
435 1814 676 1878 sejungens,
711 1814 863 1862 Orwel
891 1814 1020 1860 hodie
1053 1813 1208 1862 dicim.

128 1876 265 1924 Hunc
284 1877 467 1944 suspicor
480 1880 714 1944 antiquitus
738 1877 858 1926 fuiffe
875 1879 1206 1943 pronunciatum

127 1944 298 1998 Arwel,
335 1958 428 1991 tum
453 1946 570 2008 quod
595 1946 853 1993 Saxonicum
879 1949 917 1991 A
940 1944 1208 2010 sequentibus

127 2005 291 2054 saeculis
324 2010 484 2056 tranfiit
508 2012 551 2055 in
575 2013 635 2064 O,
673 2025 765 2059 tum
793 2013 920 2058 etiam
947 2011 1064 2075 quod
1086 2010 1206 2076 oppi-

126 2073 234 2118 dum
266 2073 324 2120 est
356 2075 406 2120 ad
440 2073 528 2134 ejus
567 2075 702 2139 ripam
742 2075 884 2131 situm,
925 2076 1208 2131 fltmettun

125 2136 292 2185 dissum
311 2156 325 2196 3
369 2138 533 2184 accedit
567 2140 682 2204 quod
718 2141 950 2188 Harewich
990 2143 1043 2189 ad
1081 2160 1202 2189 oram

123 2203 252 2264 hujus
275 2203 481 2258 fluminis,
496 2203 600 2250 olim
616 2209 786 2259 Amic,
820 2224 905 2251 non
929 2220 977 2252 ut
991 2207 1204 2268 conjectat

122 2270 281 2315 Camd.
299 2273 512 2322 Herewic,
548 2270 634 2317 dici
647 2266 796 2335 posset.
868 2272 1084 2333 inero
1101 2274 1202 2319 huic

123 2333 233 2395 conj‹
249 2334 385 2381 &urae
400 2333 538 2380 minus
552 2336 684 2389 favet,
700 2335 875 2382 alteram
890 2336 1050 2383 audiat.
1096 2339 1200 2383 For-

123 2397 222 2446 tasse
245 2418 324 2466 pro
349 2405 575 2449 Sax.1n·c0
596 2399 828 2466 legendum
850 2399 909 2446 est
935 2414 1008 2465 to,
1046 2416 1095 2450 ut
1110 2409 1199 2464 Arl-

120 2481 201 2529 pan
226 2483 311 2511 non
333 2467 523 2526 fluvium
550 2466 758 2529 designet,
794 2465 863 2513 sed
887 2468 1096 2531 oppidum
1124 2468 1198 2514 ali-

121 2531 238 2593 qubd
257 2531 310 2576 ad
324 2531 458 2594 ripam
482 2529 597 2577 istius
616 2531 738 2576 fluvii
761 2531 806 2576 in
821 2548 950 2594 quem
968 2534 1080 2578 Dani
1095 2533 1198 2578 clas-

119 2595 208 2643 sem
232 2595 500 2660 appulerunt.
547 2597 593 2640 In
615 2595 799 2660 antiquis
822 2594 1019 2660 profeEio
1041 2596 1198 2641 Exem-

116 2660 306 2725 plaribus
339 2659 548 2725 ejusmodi
580 2677 742 2707 errores
775 2662 925 2706 crebro
950 2675 1194 2707 occurrunt.

116 2728 222 2773 Hoc
243 2727 316 2791 qui
333 2725 598 2780 concesserit,
636 2743 723 2773 non
748 2726 944 2788 (opinor)
968 2726 1076 2771 mihi
1100 2725 1194 2773 lites

116 2791 313 2839 intendet
335 2791 363 2839 s1
388 2792 566 2838 dixerim
591 2789 774 2838 fluvium
799 2791 926 2838 istum
948 2789 1069 2837 fuiffe
1093 2794 1194 2847 Lee,

117 2862 161 2905 &
176 2858 403 2922 oppidum,
423 2857 537 2904 idem
563 2857 677 2921 quod
703 2856 962 2904 hodiernum
985 2858 1191 2912 ware,

117 2923 314 2970 Mutatio
346 2923 459 2970 enim
491 2929 662 2970 Arwan
692 2940 771 2988 pro
804 2926 956 2970 Waran
990 2920 1192 2971 facillima

115 2987 192 3035 est.
262 2989 382 3035 Huic
403 3004 516 3034 certe
532 2989 727 3053 opinioni.
751 2988 948 3035 nonnihil
968 2987 1067 3034 fidei
1089 3005 1191 3034 con-

116 3053 233 3100 ciliat
264 3053 381 3117 quod
414 3054 679 3118 temporibus
712 3052 895 3099 AElfredi
920 3055 1051 3116 Regis
1078 3055 1191 3100 Dani

115 3136 191 3184 per
215 3120 347 3165 Leam
368 3117 551 3166 fluvium
584 3118 919 3185 myoparonibus
942 3118 993 3164 ad
1017 3118 1190 3166 Waram
1251 3115 1278 3159 i·
1307 3133 1343 3163 e.
1390 3118 1503 3182 apud
1545 3118 1834 3184 Baddanbyrig
1864 3124 1995 3185 juxta
2041 3121 2328 3168 Wnburnam,

114 3183 245 3247 delati
297 3183 358 3229 ibi
410 3187 783 3248 propugnaculum
834 3182 1188 3242 construxerunt3
1251 3181 1397 3229 Hodie
1421 3183 1675 3248 ffiahbury
1698 3185 1743 3231 in
1768 3202 1872 3249 agro
1897 3185 2149 3246 Dorsaetensi.

112 3267 194 3297 nec
229 3263 374 3295 tamen
405 3249 493 3309 ejus
531 3248 661 3296 fidem
696 3251 836 3297 minus
869 3251 1023 3302 elevat,
1068 3251 1183 3314 quod
1315 3249 1637 3313 Babecanpylla.
1684 3268 1878 3315 110,3›1.
1913 3251 2324 3316 BadecanweHa,F2

1248 3314 1394 3362 Hodie
1417 3315 1624 3371 fflflheiu
1632 3317 1698 3369 811
1718 3318 1761 3362 in
1778 3333 1880 3378 agro
1896 3317 2125 3375 Derbiensi..

1310 3382 1638 3449 Baebbanbuphg
1656 3399 1708 3431 2v.
1723 3382 2035 3445 Bebbanbuph.

1785 1812 1836 1859 B.

1344 1942 1619 1991 Baccancelb.
1651 1944 1782 2006 48,8.
1820 1943 1999 1999 Nullus,
2021 1961 2147 2009 quem
2171 1945 2351 2010 quidem

1274 2005 1375 2062 scic,
1411 2009 1536 2070 hujus
1563 2010 1857 2075 appellationis
1879 2010 1999 2056 locus
2019 2009 2062 2055 in
2087 2011 2242 2073 Anglia
2267 2013 2345 2057 ho-

1271 2072 1340 2119 die
1360 2073 1590 2122 invenitur.
1657 2075 1840 2121 Nemini
1860 2075 2031 2121 interim
2057 2076 2236 2123 dubium
2263 2075 2345 2123 effe

1271 2138 1423 2202 potest,
1458 2141 1561 2205 quin
1581 2141 1625 2187 in
1639 2139 1956 2198 Cantiofuerit3
1991 2158 2089 2187 cum
2109 2140 2237 2188 nostri
2254 2145 2343 2187 An-

1271 2203 1383 2249 nales
1410 2204 1562 2252 diserte
1584 2208 1776 2260 tradunt,
1810 2223 1903 2253 eam
1928 2205 2065 2252 solum
2088 2206 2146 2252 ob
2160 2204 2341 2254 cauffam

1270 2268 1331 2314 ibi
1360 2271 1612 2318 Concilium
1649 2269 1772 2317 fuiffe
1807 2270 2087 2326 celebratum,
2135 2284 2184 2318 ut
2216 2273 2349 2318 rebus,

1241 2374 1242 2377 ,
1270 2334 1552 2382 Ecclefiarum
1575 2334 1685 2383 infra
1707 2341 1905 2387 Cantium
1928 2337 2242 2384 consuleretur:
2265 2355 2344 2384 nec

1267 2400 1489 2465 quisquam
1522 2401 1608 2449 five
1637 2403 1731 2448 Rex
1766 2402 1852 2449 five
1885 2402 2116 2466 Episcopus
2139 2403 2178 2449 ei
2208 2403 2346 2449 intera

1264 2463 1364 2519 fuit,
1411 2482 1567 2530 praeter
1602 2468 1886 2514 Wihtredum
1924 2472 2218 2514 Cantianorum
2252 2470 2339 2513 Re-

1262 2545 1381 2590 gem,
1417 2531 1797 2593 Archiepiscopum
1823 2533 2177 2594 Cantwarenft’m,
2212 2538 2255 2578 &
2281 2534 2337 2579 E-

1263 2592 1481 2656 piscopum
1507 2594 1750 2655 Roffensem.
1820 2596 1953 2657 Qod
1987 2598 2194 2659 oppidum
2230 2596 2334 2643 sono

1262 2656 1313 2702 ad
1352 2658 1435 2703 hoc
1461 2661 1655 2720 proxime
1688 2659 1852 2705 accedit
1889 2659 1947 2705 est
1980 2661 2331 2728 fflssthssnbssms

1260 2721 1302 2766 in
1327 2737 1446 2785 parte
1479 2724 1750 2771 Occidentali
1785 2730 1941 2788 Canni,
1977 2744 2062 2792 qua
2091 2744 2196 2792 agro
2229 2735 2337 2780 Sur.-

1257 2789 1398 2850 reienfi
1416 2787 1592 2849 adjacet.

1326 2855 1661 2920 Baboanbypig.
1707 2874 1858 2920 100‚5.
1906 2857 2044 2904 Collis
2078 2858 2121 2905 in
2156 2877 2242 2924 quo
2263 2878 2330 2907 ca·

1258 2917 1338 2965 stra
1361 2934 1544 2967 metatus
1570 2921 1627 2968 est
1639 2924 1924 2970 Eadweardus
1950 2921 2134 2970 AElfredi
2160 2925 2219 2971 fil.
2244 2932 2327 2973 An,

1257 3002 1425 3032 Deccm-
1456 2986 1570 3032 haud
1603 2988 1731 3051 longe
1759 2989 1783 3035 a
1817 2989 2063 3047 Winburna3
2099 2992 2213 3036 unde
2236 2994 2328 3037 An·

1254 3051 1366 3097 nales
1379 3050 1508 3097 nostri
1524 3066 1592 3099 aez:
1614 3055 1935 3118 Baooanbyfug
1948 3058 2032 3117 p1'6
2047 3057 2325 3115 Vinbupnam

111 3395 206 3446 geae
250 3396 377 3447 aquas
421 3378 621 3434 divertit,
677 3394 727 3431 ut
772 3381 926 3429 accolis
975 3398 1051 3448 per
1091 3380 1182 3431 lon·

2197 3453 2318 3500 Baect
