2581 3683
987 137 1638 196 PRAEFATIO.

202 239 308 310 casu
333 234 486 307 aliquo
501 228 808 306 pratermzffa
819 230 949 302 fient.
1024 230 1151 301 Cafic,
1189 231 1396 304 inquam,
1438 250 1517 284 nec
1557 231 1681 284 enim
1723 229 1841 284 illud
1867 228 2030 284 dedita
2057 231 2197 303 opera
2217 227 2406 301 fabium

192 307 352 382 ficzffe,
392 304 546 379 (quod,
582 303 772 376 scilicet,
815 299 1019 357 vocabuli
1065 318 1405 365 22cp1ngnuusr2m
1423 303 1610 375 sensum
1637 302 1882 377 ignoravi,)
1895 303 2021 373 sati}
2047 301 2269 375 testantur
2303 303 2406 356 alia

203 379 412 454 quadam
441 377 645 433 Chronici
674 378 799 445 loca,
842 377 894 429 in
928 373 1090 449 quibus
1119 393 1268 427 meam
1301 375 1536 446 inscitiam
1569 374 1706 430 libere
1737 376 1965 450 profiteor.
2041 374 2241 428 Codicem
2273 394 2407 446 quem

204 456 357 510 Cant.
393 451 592 504 dicimus
611 449 768 503 eadem
797 447 1076 502 Bibliotheca
1103 445 1358 500 Bodleiana
1386 446 1508 501 nobis
1521 449 1585 519 su
1601 448 1856 522 peditavit,
1886 447 2009 501 idem
2038 446 2407 528 Archiepiscopus

205 522 491 580 Bibliothecae
523 522 732 578 donavit.
806 522 907 574 I-Iz'c
941 520 1026 591 etfi
1047 519 1203 592 priori
1236 519 1302 590 stt
1337 521 1461 592 longe
1500 461 1694 591 insiliior
1730 522 1798 592 (in
1837 521 2009 574 chartei·
2036 520 2159 572 enim
2193 519 2407 591 describi-

205 611 284 652 tur
297 638 314 667 ,
347 617 487 650 manu
512 596 621 649 item
655 593 913 661 recentiori,
945 612 1002 646 ac
1037 596 1069 644 a
1102 590 1324 645 Librario
1362 594 1551 666 Linguae
1594 595 1827 648 Saxonicae
1857 595 1922 646 im
1951 592 2093 662 erico)
2129 612 2217 645 non
2253 605 2409 646 tamen

204 669 384 724 omnino
401 688 501 722 eum
518 665 880 722 contemnendum
902 665 986 734 ff
1002 662 1238 738 opinabar.
1313 667 1472 718 Haud
1482 678 1640 739 pauca
1662 669 1784 719 enim
1801 605 1996 734 exhibhet,
2023 685 2121 738 quae
2143 663 2194 717 in
2222 665 2408 737 reliquo}

204 742 409 796 omnibus
426 740 754 812 desiderantum
790 737 989 810 adeoque
1012 736 1082 790 ad
1093 737 1324 816 exemplar
1345 738 1538 810 aliquod
1552 738 1800 812 descriptus
1817 737 1896 811 est,
1913 737 2042 791 hodie
2057 737 2154 809 five
2170 736 2412 810 vetustate,

191 816 290 888 five
307 816 429 886 casu,
439 813 539 883 sive
569 810 775 864 incendio
794 810 1059 876 extinfflum.
1133 811 1230 884 Q
1246 810 1298 862 in
1317 807 1402 862 hac
1422 809 1655 878 Editione,
1684 812 1863 864 nomine
1884 813 2006 865 Cot.
2030 808 2173 863 Codex
2192 809 2410 883 cognosci-

206 902 303 957 tur,
335 886 557 961 rqveritur
579 884 630 937 in
648 882 928 937 Bibliotheca
953 885 1015 937 D.
1025 881 1148 956 Joh.
1164 886 1385 950 Cotton,
1420 882 1640 938 Londini.
1715 886 1860 937 Hunc
1888 902 1988 937 cum
2019 881 2226 937 Chronico
2255 882 2410 936 Whee-

206 962 381 1015 lociano
406 958 672 1025 contulerat,
707 975 763 1009 ac
788 958 1030 1008 variantes
1057 954 1181 1007 illius
1215 955 1451 1009 Lei‘t'iones
1465 956 1553 1025 suo
1583 955 1725 1010 Libro
1757 957 2009 1028 inseruerat
2039 956 2098 1009 Cl.
2119 953 2412 1010 Franciscus

197 1032 400 1105 Junius,
434 1049 617 1098 novam,
646 1030 817 1101 opinor,
847 1027 1099 1082 Chronici
1120 1028 1360 1082 Saxonici
1387 1027 1630 1082 editionem
1658 1028 1755 1082 orbi
1791 1028 2001 1083 daturus.
2074 1027 2191 1082 Inde
2225 1049 2306 1082 nos
2333 1046 2413 1083 eas

210 1103 528 1176 descripfimus,
541 1102 765 1174 fhzgnlari
795 1100 986 1154 homini}
1015 1100 1066 1153 in
1095 1099 1163 1153 his
1195 1098 1326 1152 rebus
1348 1101 1561 1173 religione
1580 1103 1742 1155 merito
1762 1102 1934 1155 innixi.
2345 1136 2348 1138 -

280 1173 511 1230 codicibus
549 1194 661 1248 quos
693 1173 800 1227 dixi
839 1173 1106 1245 conquisttis,
1129 1172 1358 1245 failaque
1387 1194 1538 1226 eorum
1571 1174 1782 1247 diligenti
1820 1174 2066 1243 collatione,
2101 1174 2176 1227 ita
2208 1191 2305 1225 rem
2346 1186 2413 1225 to-

207 1261 308 1302 tam
342 1247 542 1321 institui,
576 1260 629 1300 ut
646 1247 701 1318 st
719 1266 832 1320 quae,
881 1266 951 1299 cve
963 1246 1218 1318 sententia,
1239 1247 1338 1317 five
1366 1248 1509 1299 etiam
1536 1247 1818 1315 vocabulum,
1848 1249 1900 1301 in
1932 1267 2018 1300 uno
2052 1246 2208 1319 aliquo
2235 1244 2416 1298 inveni-

207 1335 351 1390 retur,
379 1319 503 1394 quod
532 1324 564 1372 ὰ
599 1319 787 1393 reliquis
816 1339 848 1371 a
875 1319 995 1389 fft,
1030 1317 1145 1371 illud
1168 1319 1219 1372 in
1248 1331 1423 1372 textum
1452 1319 1733 1400 conjecerim,
1755 1320 1900 1390 faita
1916 1319 2137 1373 mentione
2154 1316 2322 1374 Codice}
2343 1318 2418 1371 cui

209 1392 408 1450 debetur.
484 1391 626 1466 Qod
648 1393 700 1464 si
730 1391 901 1463 diversi
924 1391 1100 1445 Codices
1127 1411 1224 1444 rem
1252 1391 1442 1444 eandem
1473 1392 1649 1464 diverso
1677 1392 1807 1446 modo
1835 1393 2120 1466 exprimant,
2165 1411 2262 1465 quae
2300 1388 2418 1443 mihi

207 1467 335 1520 [edio
360 1467 463 1538 visa
491 1467 554 1538 est
569 1463 822 1538 potiffima,
851 1467 902 1518 in
920 1478 1050 1518 textu
1067 1464 1255 1538 reptfici,
1283 1466 1455 1518 catere}
1471 1466 1522 1518 in
1550 1465 1696 1518 imam
1701 1464 1929 1538 paginam
1949 1464 2168 1540 conjeilc‘s.
2243 1463 2417 1516 Nullas

207 1540 330 1592 enim
365 1557 525 1592 earum
548 1537 830 1611 spernendas
862 1538 947 1607 effe
975 1537 1243 1610 existimavi
1254 1561 1269 1596 3
1306 1558 1404 1610 qua·
1432 1539 1578 1590 etiam
1596 1539 1649 1607 st
1669 1537 1883 1609 mendosa
1899 1538 2012 1608 sint,
2041 1556 2258 1609 magnam
2274 1537 2420 1608 saepe-

210 1630 392 1664 numero
405 1614 549 1665 lucem
566 1610 633 1663 ad
646 1630 803 1663 verum
819 1610 1063 1661 eruendum
1084 1611 1281 1678 afferunt
1291 1633 1306 1667 5
1329 1610 1404 1678 fin
1421 1629 1553 1677 verce,
1569 1610 1769 1662 maximi
1779 1611 1961 1681 semper
1977 1609 2130 1682 precii
2146 1629 2181 1660 ιε
2222 1606 2419 1661 imandae

196 1683 326 1752 sunt
400 1681 560 1754 Hujus
586 1679 654 1733 rei
672 1681 921 1752 exemplum
943 1700 1081 1733 unum
1109 1685 1155 1733 δέ
1173 1681 1367 1732 alterum
1385 1681 1549 1752 accipe.
1626 1684 1722 1735 An.
1742 1700 1911 1733 DLXXI.
1947 1681 2152 1735 Cuthwul
2171 1701 2225 1732 us
2245 1679 2420 1733 dicitur

211 1754 367 1825 cepisse
396 1752 622 1825 oppidum,
649 1751 773 1824 quod
800 1756 1109 1812 Bennmgeun
1143 1752 1407 1824 appellatur.
1463 1750 1594 1826 Cujus
1622 1753 1708 1805 loci
1723 1753 1840 1824 suus
1869 1751 1975 1821 effet
2003 1753 2183 1806 omnino
2203 1751 2423 1819 incertus,

211 1826 302 1894 m'st
320 1825 494 1879 'cadica
517 1823 793 1879 Laudenfis
821 1823 949 1877 leHio
966 1822 1089 1876 nobi}
1102 1824 1404 1894 succurreret.
1444 1828 1776 1887 Bemmgcun
1799 1824 1938 1895 enim,
1970 1837 2023 1877 ut
2051 1826 2090 1879 i}
2109 1824 2253 1879 Codex
2270 1823 2423 1892 habet,

211 1917 308 1951 rem
343 1913 481 1951 extra
505 1896 691 1949 dubium
716 1895 869 1970 ponit,
901 1895 1113 1968 docetque
1139 1917 1228 1949 non
1263 1896 1407 1949 alium
1440 1895 1524 1965 effe
1543 1894 1683 1969 pff,
1718 1917 1860 1969 quam
1891 1901 2199 1967 ffienfinsstnn,
2231 1898 2292 1951 in
2313 1916 2424 1970 agro

215 1970 461 2043 oxoniensi.
537 1972 633 2024 An.
653 1990 805 2023 Dxxx.
840 1967 1047 2023 Cerdicus
1074 1973 1121 2023 ΕΒ
1139 1969 1351 2045 Cynricus
1376 1968 1592 2023 dicuntur
1617 1969 1890 2040 interfecisti>
1917 1970 2042 2031 ptala
2071 1984 2176 2018 men
2203 1987 2260 2018 on
2280 1975 2423 2031 1⁷th-

212 2044 457 2105 gapabym
470 2061 510 2104 g„
543 2043 577 2095 i.
591 2062 629 2095 e.
649 2043 939 2113 complures
956 2042 1192 2098 homines
1208 2042 1264 2095 in
1281 2041 1733 2114 Wihtgarabyrig:
1755 2041 1898 2096 Codex
1912 2041 2063 2096 Cant.
2076 2039 2183 2112 legit
2203 2056 2287 2098 eea
2302 2053 2425 2100 men,

214 2112 250 2164 i.
264 2131 302 2164 e.
322 2130 511 2182 paucos
526 2112 778 2167 homines.
853 2118 947 2165 Pro
965 2112 1049 2167 hac
1066 2114 1330 2168 Leitionmn
1346 2113 1630 2184 differentia,
1655 2133 1755 2186 quae
1787 2118 1839 2168 in
1857 2111 2134 2169 Chronicis
2161 2107 2424 2165 Saxonicis

214 2183 497 2257 conspicitur,
531 2184 721 2238 eandem
736 2186 882 2257 plane
899 2185 1027 2258 apud
1038 2206 1191 2239 rerum
1208 2185 1575 2258 Anglicanarum
1610 2186 1863 2259 Scriptores
1882 2183 2282 2260 deprehendimus3
2312 2201 2423 2254 quo-

216 2276 319 2309 rum
351 2258 752 2330 nonnullipaucos
774 2258 1027 2327 homines,
1053 2260 1252 2312 nonnulli
1268 2259 1459 2313 multos
1492 2256 1671 2313 habent.
1746 2261 1826 2312 Ex
1843 2258 1922 2312 boc
1940 2255 2226 2332 perspicuum
2243 2252 2321 2326 est,
2349 2274 2423 2308 eos

217 2330 468 2401 Scriptores
485 2349 543 2382 ex
560 2328 822 2383 Annalibus
851 2331 1089 2385 Saxonicti·
1109 2332 1230 2403 ficas
1247 2330 1494 2404 Historias
1511 2330 1868 2402 consarcina'ffe5
1903 2351 1983 2384 nec
2001 2330 2053 2383 in
2070 2329 2155 2382 illis
2183 2330 2201 2381 i
2242 2346 2424 2378 ani-va-

216 2401 430 2454 rietatem
448 2403 584 2455 aliter
601 2402 808 2471 evenzffe,
842 2407 982 2475 quam
1005 2403 1129 2476 quod
1139 2404 1280 2477 prius
1313 2404 1364 2457 in
1381 2402 1712 2475 exemplaribus
1731 2403 1971 2458 Saxonici's
1999 2402 2266 2473 contigerat.
2311 2399 2424 2451 No'-

217 2487 327 2526 runt
356 2478 475 2527 certe
505 2474 655 2547 quiin
674 2473 806 2550 hujus
831 2477 1006 2547 generis
1040 2475 1172 2528 rebus
1199 2475 1389 2549 aliquid
1400 2476 1587 2548 peritiae
1604 2474 1786 2544 habent,
1821 2478 1876 2528 in
1889 2473 2074 2547 vetustis
2090 2469 2422 2543 exemplaribus

217 2544 349 2597 haud
369 2546 621 2617 quidquam
648 2548 721 2599 ita
754 2548 978 2599 minutum
1009 2549 1219 2618 rqaerz'rz',
1253 2547 1378 2618 quod
1403 2568 1492 2600 non
1527 2547 1778 2618 aliquando
1809 2547 1999 2600 eruditos
2026 2546 2125 2616 usui
2153 2545 2236 2612 effe
2257 2541 2423 2616 potest.

219 2619 276 2671 V
265 2621 393 2669 erum
433 2617 550 2670 unck
578 2615 782 2686 fabium,
816 2618 1014 2690 inquies,
1049 2631 1100 2670 ut
1137 2631 1207 2671 tot
1245 2618 1439 2686 Codices,
1475 2618 1546 2670 ad
1581 2618 1790 2688 diversas
1807 2616 2110 2672 Bibliothecae
2122 2615 2423 2689 pertinentes,

220 2689 295 2742 ita
315 2691 477 2761 paucis
507 2689 771 2762 diffirepent,
805 2703 856 2741 ut
885 2691 936 2741 in
956 2709 1092 2742 unum
1112 2689 1351 2744 Chronicon
1368 2689 1497 2743 haud
1512 2690 1786 2744 incommode
1806 2690 1962 2744 reduci
1980 2687 2186 2763 pffnt?
2218 2687 2283 2740 Id
2301 2688 2424 2739 enim

220 2762 326 2832 casu
353 2762 596 2834 contigiffe,
626 2782 715 2814 non
750 2760 812 2834 est
840 2763 957 2833 sani
987 2762 1178 2838 cujusve}
1203 2763 1302 2834 five
1332 2762 1482 2816 dicere
1496 2763 1595 2834 five
1629 2763 1826 2837 opinari.
1900 2761 2129 2835 Equidem
2164 2760 2255 2833 ista
2290 2758 2424 2812 dubi-

219 2834 341 2887 tatio
369 2855 439 2886 me
474 2833 557 2886 diu
602 2834 882 2888 vehementer
922 2837 1060 2906 tosfit,
1109 2835 1246 2888 donec
1292 2835 1611 2890 Scotichronici
1655 2835 1909 2891 austoritas
1953 2833 2229 2908 expediisset.
2304 2830 2423 2905 Ejus

222 2905 362 2958 verba
399 2906 487 2959 hac
518 2907 650 2978 sunt.
715 2912 974 2962 Statutum
1019 2909 1103 2961 est·
1136 2909 1506 2963 convenienter
1547 2908 1602 2961 in
1644 2909 1837 2981 Anglia
1890 2909 1981 2980 (ut
2026 2906 2231 2974 audivi)
2278 2903 2422 2976 quod

225 2980 630 3051 unumquodque
669 2980 1042 3034 Monasterium
1089 2987 1120 3033 a
1170 2980 1400 3052 Regibus
1441 2980 1734 3052 fimdatum,
1781 2980 1994 3034 haberet
2038 2979 2101 3033 de
2142 2976 2252 3049 ipso
2299 2977 2420 3029 loco

224 3047 371 3102 suum
392 3067 586 3105 certum
619 3050 851 3121 scribam,
886 3053 971 3106 vel
1003 3052 1322 3124 scriptorem,
1355 3074 1462 3125 quo
1493 3054 1672 3109 omnia
1700 3054 1952 3108 notabilia
1981 3067 2216 3122 tempore
2248 3047 2425 3118 Regis,

225 3120 404 3174 saltem
421 3123 475 3176 in
491 3142 652 3196 regno
680 3125 763 3179 vel
778 3130 809 3178 e
823 3125 1002 3180 vicinis
1026 3126 1401 3199 contingentia,
1436 3125 1711 3181 secundum
1733 3126 1877 3198 quod
1903 3126 2088 3182 veritas
2106 3121 2235 3176 faeci
2250 3119 2302 3174 se
2330 3120 2423 3173 ha-

225 3194 388 3263 beret,
422 3214 537 3248 cum
570 3197 688 3250 data
722 3213 1119 3252 annotarentur:
1158 3199 1223 3254 ad
1247 3200 1543 3271 proximum
1565 3200 1803 3272 generale
1823 3198 2137 3263 Concilium,
2173 3194 2287 3265 post
2308 3191 2423 3245 obi·-

225 3279 339 3320 tum
353 3267 511 3338 Regis
534 3288 710 3325 omnes
726 3271 802 3324 illi
822 3270 1227 3343 Chronographi
1241 3273 1600 3340 convenirent,
1636 3280 1683 3328 6<
1698 3270 1786 3326 sua
1799 3290 1920 3327 vere
1935 3271 2090 3338 diota,
2121 3267 2222 3321 five
2236 3264 2424 3336 scripta

225 3338 283 3392 in
299 3340 526 3394 medium
542 3342 900 3412 producerent,
935 3351 984 3399 &
1001 3344 1216 3398 deledtis
1234 3350 1265 3399 a
1280 3346 1524 3400 Concilio
1554 3345 1911 3417 sagacioribus,
1948 3352 1996 3408 ὃς
2017 3341 2072 3394 in
2086 3339 2272 3393 talibus
2286 3337 2422 3409 peri-

227 3411 295 3467 tis
319 3421 368 3473 &
391 3414 631 3486 expertis,
664 3412 853 3488 scripta
870 3417 1236 3487 examinarent,
1269 3426 1320 3475 ἃ
1336 3418 1581 3543 diligentbi
1591 3417 1768 3471 habita
1792 3416 2074 3472 collatione
2094 3413 2159 3468 de
2174 3409 2426 3536 ccgngestis

708 3521 712 3526 -
1570 3507 1573 3509 ·
1618 3511 1649 3543 2
2235 3500 2427 3536 umma-
