2503 3595
414 379 2125 555 PRAEFATIQ

505 735 597 787 OS
603 730 790 807 TQU
802 735 860 787 A
866 734 942 785 M
971 731 1155 785 hortatu
1193 731 1301 784 Viri
1351 726 1590 800 doc‘t'iſj‘imi
1636 724 1836 796 mihique
1878 717 2136 792 amiciſjimi
2152 757 2168 785 ,
2213 719 2373 789 Joan-

434 843 443 879 3
528 806 607 860 nis
645 805 826 875 Millii,
876 805 1066 879 Linguae
1113 804 1347 858 Saxonicae
1377 800 1537 874 studio
1569 797 1777 851 nonnihil
1808 795 2015 868 temporis
2051 790 2281 861 dediffi³m‚
2328 793 2374 842 &

408 930 416 934 ,Α
434 882 458 899 ”
491 893 494 896 ’
526 877 579 930 in
615 897 673 929 ea
719 878 987 932 mediocrem
1019 876 1307 946 facultatem
1336 873 1527 946 fuiffim
1563 892 1643 925 con
1664 884 1844 928 ecatus-3
1899 867 1999 934 ille,
2047 883 2102 916 ne
2136 863 2217 934 Jui
2271 860 2376 928 effet

462 970 465 972 ’
528 949 778 1022 diſjimilis,
815 951 894 1004 hoc
925 949 989 1023 est
1015 970 1072 1001 ne
1089 949 1224 1001 ullum
1254 949 1364 1001 vitae
1385 946 1590 1019 spatium
1611 946 1725 997 curli
1751 942 1993 995 literarum
2023 947 2232 1001 vacaret,
2262 933 2378 984 mul-

530 1023 597 1075 tis
631 1022 786 1076 verbis
824 1035 1035 1076 accurate
1069 1041 1239 1075 mecum
1275 1020 1383 1094 egit,
1418 1033 1469 1071 ut
1510 1018 1566 1071 de
1616 1015 1804 1068 edendis
1853 1009 2139 1068 Annalibus
2181 1005 2381 1077 Anglo-

529 1097 793 1151 Saxonicis
825 1096 1086 1169 cogitarem.
1162 1095 1267 1163 Effe
1282 1092 1501 1146 nimirum
1521 1091 1729 1143 Annales
1746 1085 1853 1159 istos
1872 1079 2222 1156 augustiffimum
2280 1078 2382 1130 lane

180 1166 502 1242 Antiquitatis
527 1183 875 1238 monumentum,
912 1189 967 1221 ac
997 1168 1133 1241 quale
1154 1166 1343 1238 frustra
1367 1164 1494 1238 apud
1516 1175 1672 1236 gentes
1693 1159 1876 1213 vicinas
1895 1153 2176 1230 quaestveris3
2237 1163 2386 1202 omem

180 1241 324 1314 ipsum
340 1246 365 1293 e
382 1261 467 1314 quo
486 1239 577 1293 hau
617 1262 649 1293 a
659 1242 776 1312 sunt
799 1249 845 1297 &
863 1240 932 1294 ad
949 1261 1081 1313 quem
1097 1238 1338 1312 exigenda,
1373 1257 1470 1310 quae
1495 1236 1551 1288 de
1568 1233 1699 1287 rebus
1722 1231 1909 1305 istorum
1929 1239 2176 1301 temporum
2193 1221 2388 1300 tradunt

181 1315 493 1382 Florentius,
520 1313 693 1386 aliique
708 1315 980 1388 posteriores
998 1311 1243 1385 Historici.
1319 1309 1623 1364 Chronicon
1646 1305 1724 1358 hoc
1757 1303 1947 1371 mirifice
1964 1297 2240 1374 praedicare,
2276 1293 2390 1369 ejus-'-

184 1406 269 1459 que
297 1385 539 1439 editionem
569 1387 927 1461 Cantabrigienfi
948 1387 1086 1439 multo
1118 1385 1380 1451 auHiorem,
1415 1387 1461 1435 &
1491 1378 1674 1453 quidem
1701 1375 1905 1430 omnibus
1926 1371 2124 1425 numeris
2141 1368 2246 1441 suis
2265 1366 2391 1437 absb-

185 1461 331 1511 lutam
342 1458 566 1532 flQitare
584 1459 802 1514 eruditos.
879 1463 951 1514 De
969 1479 1017 1511 eo
1031 1456 1307 1532 publicando
1325 1454 1534 1528 cogitaffe
1548 1451 1655 1526 jam
1685 1451 1794 1503 olim
1824 1447 2044 1502 eximium
2076 1441 2191 1496 illud
2221 1437 2392 1515 Collegii

187 1530 328 1602 naestri
362 1537 408 1585 &
443 1532 705 1584 Academiae
743 1532 894 1599 decus,
932 1530 1222 1584 Gerardum
1259 1527 1637 1597 Langbanium,
1673 1536 1725 1572 ut
1759 1532 1950 1592 apparet
1984 1537 2042 1569 ex
2080 1512 2264 1568 Schedis
2297 1530 2394 1585 ejus

189 1605 341 1657 MSS.
374 1604 425 1655 in
442 1602 723 1655 Bibliotheca
742 1603 1026 1659 Bodleiand3
1064 1602 1115 1652 in
1133 1599 1295 1671 quibus
1324 1597 1459 1663 dicit,
1470 1595 1541 1647 ad
1552 1595 1733 1667 prelum
1750 1589 2000 1663 destinanti
2023 1586 2110 1658 fibi
2129 1585 2207 1638 hos
2226 1585 2394 1636 Anna-

191 1677 273 1741 les,
285 1673 560 1726 Waeelocum
578 1675 801 1743 palmam
818 1673 1146 1745 praeripuiffe.
1199 1669 1488 1736 theelocum,
1525 1667 1605 1739 qui
1623 1677 1751 1717 tanto
1767 1663 1887 1730 viro,
1906 1662 1956 1714 in
1972 1658 2151 1712 Literis
2173 1675 2296 1709 omne
2317 1675 2396 1728 ge-

191 1765 295 1814 nus,
331 1744 575 1799 Saxonicis
595 1742 838 1817 speciatim
866 1748 990 1816 longe
1007 1741 1321 1815 versatissimo,
1359 1747 1480 1813 Opus
1514 1737 1650 1811 isthoc
1681 1733 1930 1805 infeliciter
1952 1731 2275 1805 praeripuerat,
2310 1747 2399 1779 non

194 1817 389 1890 integros
409 1817 617 1871 Annales
635 1816 840 1887 edidisse,
861 1817 957 1889 sed
969 1816 1039 1868 ad
1048 1816 1194 1883 fidem
1226 1814 1397 1868 Codicis
1420 1811 1572 1865 mutili
1591 1830 1646 1863 ac
1665 1807 1868 1879 mendosi,
1892 1805 2149 1859 Annalium
2157 1800 2400 1873 fragmen-

196 1904 294 1943 tum
311 1890 578 1950 duntaxat;
614 1889 727 1963 quin
745 1896 791 1943 &
811 1889 1055 1945 Saxonicis
1087 1890 1266 1941 mutilis
1301 1883 1560 1959 adsunxiffe
1587 1881 2016 1954 Interpretationem
2053 1876 2281 1929 Latinam
2316 1871 2403 1924 ado

196 1962 378 2015 modum
407 1963 640 2034 vitiosam,
676 1967 721 2016 &
739 1983 835 2034 qute
857 1962 1087 2033 sermonis
1108 1959 1329 2015 Saxonici
1354 1959 1538 2031 genium
1568 1961 1614 2009 &
1652 1956 1846 2007 nitorem
1879 1950 2065 2004 minime
2096 1947 2401 2020 repraesentat.

200 2034 497 2105 Observatum
540 2034 618 2085 hoc
656 2034 885 2086 eruditis:
926 2041 972 2087 ὅ
1009 2030 1192 2106 quidem
1238 2032 1444 2105 Iunium
1480 2034 1526 2082 &
1568 2025 1962 2081 Mareschallum
2006 2019 2222 2094 nostrum,
2268 2018 2406 2071 Viros

185 2106 295 2178 suis
329 2107 380 2158 in
414 2105 500 2158 hac
528 2105 627 2177 ipsa
665 2105 913 2159 literatura
933 2105 1132 2179 firilytis
1164 2098 1486 2169 celeberrimos,
1511 2100 1714 2153 auilores
1737 2097 1882 2170 fuzffe
1916 2095 2106 2165 Prcesuli
2141 2088 2407 2164 ampliſjimo

202 2182 271 2232 D.
292 2178 485 2251 Joanni
516 2178 682 2244 Fello,
719 2179 782 2250 τῷ
811 2179 1072 2249 nunciam,
1108 2192 1160 2230 ut
1197 2177 1416 2230 eximium
1446 2175 1523 2227 hoc
1547 2185 1876 2225 monumentum
1912 2166 2217 2240 Historicum,
2253 2161 2409 2214 maxi-

204 2269 284 2302 ma
305 2261 450 2323 parte
483 2250 534 2302 in
565 2252 708 2303 MSS
735 2250 1014 2304 membranis
1037 2239 1045 2252 ι
1044 2250 1153 2326 jam
1182 2251 1429 2323 sepultum,
1478 2246 1547 2299 ad
1578 2244 1782 2298 Codicum
1812 2262 1923 2317 quos
1959 2239 2172 2293 habemus
2205 2237 2256 2289 in
2290 2241 2411 2288 Oxo-

204 2323 350 2395 ·nienfi
368 2321 648 2376 Bibliotheca
669 2322 913 2395 proborum
931 2330 977 2378 &
1003 2324 1278 2395 integrorum
1290 2322 1437 2389 fidem
1453 2318 1749 2372 excuderetur
1767 2341 1780 2374 ;
1819 2312 2031 2367 adhibita
2050 2312 2097 2366 V
2091 2311 2247 2382 erfione
2269 2307 2412 2360 Lati-

205 2397 287 2464 nd,
323 2416 420 2468 quae
438 2410 614 2448 textum
634 2397 910 2450 Saxonicum
934 2401 1147 2450 accurate
1163 2417 1219 2449 ac
1235 2395 1442 2463 fideliter
1460 2392 1620 2464 ubique
1639 2389 1864 2456 redderet,
1880 2387 2251 2459 exprimeretque.
2309 2382 2412 2432 An-

208 2468 349 2535 nuiJJIe
383 2469 669 2540 Episcopum:
709 2470 968 2541 Statimque
997 2469 1155 2520 horum
1187 2482 1350 2539 rogatu
1385 2487 1441 2519 ac
1474 2464 1661 2536 constlio,
1697 2460 1930 2528 mandaffe
1954 2456 2247 2530 provinciam
2278 2450 2416 2524 islam

211 2539 381 2611 egregio
399 2539 517 2606 viro,
554 2540 634 2611 qui
673 2539 741 2590 ad
762 2541 873 2611 suos
890 2559 949 2591 ex
966 2539 1224 2592 Germania
1240 2538 1347 2610 jam
1374 2552 1470 2589 tum
1495 2536 1765 2600 advenerat,
1801 2531 2021 2584 idiomate
2055 2525 2298 2584 Teutonico
2315 2524 2417 2596 ple-

212 2632 313 2678 nus,
351 2612 672 2682 Saxonicisque
690 2611 743 2681 st
763 2612 868 2683 quis
902 2632 1103 2683 unquam
1133 2608 1507 2683 instrucliſjimus,
1545 2607 1686 2660 Guil.
1723 2601 2030 2659 Nicolsono.
2107 2600 2238 2652 Huic
2277 2596 2419 2669 paulo

205 2682 304 2756 P‘st
319 2683 568 2755 susceptum
589 2696 714 2755 opus,
749 2684 819 2736 ad
833 2703 997 2736 munus
1020 2684 1251 2756 quoddam
1275 2681 1562 2749 honorificum
1592 2680 1643 2731 in
1672 2676 1862 2748 Ecclesta
1895 2673 2155 2728 Cathedrali
2174 2670 2338 2744 procul
2364 2667 2420 2719 ah

218 2755 538 2826 Oxonienfibus
554 2756 659 2826 suis
682 2757 844 2828 pefita,
881 2778 967 2829 quo
986 2756 1201 2828 hodieque
1216 2757 1403 2826 summa
1421 2773 1519 2806 cum
1538 2751 1671 2804 laude
1689 2749 1968 2821 defungitur,
2002 2766 2127 2799 aecer
2144 2758 2219 2811 tto,
2244 2755 2329 2814 per
2349 2741 2422 2792 in-

213 2843 388 2907 gentem
426 2829 510 2881 loei
539 2828 937 2900 intercapedinem,
962 2829 1278 2902 plurimasque
1311 2826 1474 2899 quibus
1510 2839 1690 2895 urgetur
1728 2821 2051 2891 occupationes,
2089 2816 2216 2870 haud
2247 2815 2423 2866 demum

221 2901 388 2968 licuisse
420 2903 557 2952 telam
586 2902 791 2967 exorsum
808 2916 986 2960 texere3
1024 2902 1114 2954 imo
1132 2922 1187 2953 ne
1216 2920 1330 2952 nunc
1347 2899 1529 2971 quidem
1547 2898 1693 2949 licere.
1769 2892 1904 2945 Mihi
1928 2892 2144 2964 gloriam,
2180 2907 2318 2960 quam
2346 2905 2424 2936 vo-

224 2971 376 3038 cabat,
413 2973 556 3044 operis
577 2972 709 3044 illius
728 2994 916 3040 omnem,
953 2988 1131 3046 quanta
1150 2987 1328 3046 quanta
1345 2971 1424 3043 est,
1460 2970 1666 3022 relictam
1684 2968 1781 3036 effe.
1858 2970 2016 3017 Petere
2035 2963 2211 3015 omnino
2229 2972 2350 3031 opem
2381 2961 2426 3008 &¹

228 3055 408 3120 operam
436 3043 634 3116 nostram
655 3046 960 3099 Chronicon
987 3048 1314 3113 Saxonicum,
1349 3042 1542 3096 clathris
1581 3040 1846 3093 Bodleianis
1880 3036 2111 3106 inclnfiim,
2147 3046 2198 3084 ut
2216 3033 2323 3106 jam
2350 3028 2428 3080 de-

226 3135 350 3194 mum
376 3129 597 3187 integrum
613 3117 664 3168 in
679 3118 818 3170 lucem
834 3117 1049 3190 prodeat,
1087 3122 1131 3170 &⁷
1150 3121 1179 3167 a
1202 3116 1415 3186 Studiosis
1440 3114 1734 3186 intedigatur.
1788 3109 1980 3163 Abunde
1993 3106 2106 3160 mihi
2125 3107 2173 3156 in
2195 3104 2270 3156 hoc
2289 3103 2432 3174 ipsum

231 3201 315 3266 otii
338 3187 436 3255 effi2,
458 3188 692 3260 suppetere
720 3191 844 3242 vires
863 3211 916 3243 ac
935 3203 1103 3262 parem
1120 3190 1174 3240 ‚in
1197 3190 1381 3260 Lingua
1396 3186 1635 3250 Saxonica
1651 3185 1946 3254 facultatem.
2022 3182 2188 3249 Neque
2224 3196 2326 3227 vero
2357 3173 2432 3224 di-

233 3260 360 3312 mitti
381 3260 464 3311 ullo
471 3260 608 3332 patto
628 3261 785 3314 debere
813 3264 1073 3334 occastonem
1091 3281 1229 3333 quam
1254 3261 1448 3333 adeptus
1461 3260 1585 3331 sum,
1610 3257 1865 3311 Annalium
1885 3249 2274 3326 istorumeditione
2291 3244 2433 3317 Anti-

235 3333 409 3403 quariae
424 3332 493 3387 rei
511 3330 755 3405 studiqsos,
768 3334 1128 3406 jurisconsultos,
1142 3334 1403 3404 universam
1423 3332 1615 3403 denique
1631 3345 1807 3403 gentem
1831 3326 2139 3399 Anglicanam
2164 3316 2433 3374 demerendi.

2322 3393 2440 3445 Haec
