2581 3683
203 187 269 219 20

203 257 289 305 hoc
303 257 534 325 oppidum.
601 256 712 306 Non
729 257 880 306 desunt
905 259 1076 306 interim
1101 259 1182 305 viri
1196 275 1290 323 gra·

825 166 1294 219 NOMINUM
1359 165 1813 218 LocoRUM

1412 255 1689 304 Cleucestria.
1704 256 1977 306 Cloecistria.
1998 257 2198 309 Claudia.
2243 276 2259 306 1
2271 263 2436 328 78‚37,

203 338 295 378 ves,
332 343 408 391 qui
434 328 668 390 opinantur
691 327 929 374 Cei-dicum
958 342 1086 373 naves
1107 324 1196 371 suas
1222 343 1291 388 ap·
1358 336 1514 395 179‚4.
1559 340 1750 389 179,22.
1816 324 2076 374 Glaworm'a.
2144 325 2434 383 OElutestzt.

202 388 355 452 puliffe
408 391 453 437 in
509 406 684 455 portum
744 391 1075 453 Hamtunenftm
1128 392 1148 451 ζ
1161 391 1291 437 hodie

203 453 634 523 [Quutijamtungy
670 463 713 503 ὅ(
746 457 916 506 Calshot
949 459 994 503 in
1027 456 1114 521 ipsa
1148 456 1290 503 fiumi-

201 522 268 567 nis
303 541 378 571 ora
423 524 561 588 (quod
597 522 812 569 existimat
839 524 999 570 Camd.
1034 536 1288 588 corruptum

202 586 288 635 effe
313 607 393 654 pro
421 588 662 649 Caldshore)
697 586 778 634 effe
801 590 1020 636 Saxonum
1045 588 1290 650 Eepblcer-

201 670 300 714 opa.
340 656 469 701 Hanc
493 669 608 701 certe
631 653 884 701 sententiam
908 653 1137 701 confirmat
1153 655 1289 700 Matt.

199 719 663 768 westmonasteriensis
689 720 868 768 collatus
894 737 994 768 cum
1022 718 1171 767 nostris
1199 723 1288 766 An-

199 785 382 832 nalibuS.
453 786 514 833 Hi
543 804 612 833 an.
641 802 769 835 oxlv.
809 787 1001 834 referunt
1037 784 1210 833 Stufum
1246 791 1288 833 ὅ(

200 851 491 916 VVihtgarum
531 870 659 900 naves
698 852 902 918 appulisse
947 853 1000 899 ad
1045 851 1289 913 Eep‘oicer-

199 934 315 979 opa3
347 918 519 966 eosdem
553 923 597 966 in
621 918 882 968 Occidentalc'
915 933 1033 985 parte
1056 922 1288 967 Britanniae

199 985 432 1049 applicutffe
454 985 560 1032 dicit
588 985 699 1032 Mat.
726 985 864 1033 West.

236 1084 240 1088 -
268 1050 391 1099 Elce.
415 1066 576 1116 p.225‚
589 1050 703 1117 l.13.
731 1052 1215 1107 Chic-ce‚Hunt.Chich‚
1233 1055 1287 1098 L.

197 1117 349 1163 Hodie
383 1115 462 1179 Q
493 1118 700 1181 §Dsythss
735 1119 776 1164 in
814 1135 920 1181 agro
954 1119 1194 1181 Effexienst3
1232 1118 1287 1164 fic

198 1182 305 1230 dist.
321 1185 439 1247 quod
456 1183 516 1229 ibi
532 1184 575 1229 in
590 1186 633 1229 S.
650 1183 808 1244 Ostthae
833 1183 940 1245 (five
963 1184 1169 1247 Osgithae)
1196 1200 1287 1228 me·

198 1248 403 1303 moriam,
439 1249 578 1295 aedem
603 1247 761 1296 sacram
789 1248 927 1314 posuit
949 1249 1159 1296 Ricardus
1183 1249 1286 1314 Epi-

197 1313 350 1379 stopus
364 1314 639 1376 Lundenensz's
661 1316 774 1363 circa
791 1321 872 1362 An.
890 1332 1033 1364 Mcxx.
1057 1315 1218 1362 Camd.

262 1381 559 1446 Etngesbeljc.
608 1384 805 1446 119‚18.
868 1382 896 1427 i.
922 1401 960 1428 e.
1000 1384 1130 1447 Regis
1158 1379 1284 1445 foffiz.

194 1446 353 1493 Itinere
377 1448 490 1494 inter
514 1448 771 1511 Ramestense
795 1446 1112 1494 Monasterium
1140 1452 1182 1494 ὃ(
1208 1450 1285 1493 Pe-

195 1514 423 1561 terburrow
465 1514 755 1562 alluvionibus
800 1515 1041 1579 impedit0‚
1086 1517 1285 1562 Canutus

192 1581 292 1627 Rex
325 1580 441 1627 viam
470 1581 638 1646 magnis
675 1582 875 1646 operibus
900 1580 1150 1634 constravit,
1189 1596 1284 1645 quae

195 1645 426 1693 Historicis
439 1647 591 1693 nostris
606 1647 766 1695 dicitur
781 1653 825 1696 K
829 1647 1020 1711 ingsclelfi
1050 1649 1111 1695 Ita
1123 1647 1283 1694 Camd.

194 1712 476 1778 Qicunque
503 1714 536 1760 is
560 1712 693 1761 fuerit
718 1718 838 1763 locus
867 1717 891 1760 a
919 1713 1069 1760 nostris
1097 1713 1283 1761 Histori-

190 1777 253 1825 cis
286 1779 524 1844 Kingsdelf
544 1780 796 1844 appellatus,
835 1796 1003 1828 certum
1040 1780 1099 1826 est
1127 1784 1282 1830 Canuti

191 1848 320 1892 viam
343 1862 421 1908 per
443 1845 555 1892 istud
586 1847 847 1893 vocabulum
884 1847 928 1892 in
964 1845 1113 1893 nostris
1141 1852 1282 1894 Anna-

190 1910 306 1957 libus
328 1911 539 1975 defignari
564 1930 649 1958 non
667 1910 799 1977 poffe.
867 1914 1034 1960 Charta
1068 1913 1199 1974 enim,
1238 1913 1279 1959 in

191 1994 277 2041 qua
309 1977 437 2039 hujus
461 1978 626 2024 mentio
651 1979 717 2034 fit,
757 1978 949 2026 concessa
972 1993 1062 2026 erat
1085 1979 1283 2026 Ecclesiae

191 2043 613 2109 Medeshamstedenfi
641 2046 694 2091 ab
741 2046 968 2110 Eadgar0‚
1013 2046 1146 2109 longe
1185 2060 1283 2093 ante

191 2110 355 2157 Canuti
377 2124 587 2176 tempora.
657 2113 867 2159 Praeterea
893 2114 1141 2158 terminatio
1166 2112 1283 2176 oaelje

191 2193 281 2222 non
305 2180 432 2224 viam
450 2180 631 2243 stratam
655 2178 833 2233 indicat,
869 2179 1004 2243 qualis
1033 2177 1116 2225 fuit
1137 2181 1280 2225 Canu-

193 2242 226 2287 ti
245 2241 342 2296 ista,
377 2242 447 2290 sed
474 2243 644 2308 fhffam,
681 2262 778 2309 quae
800 2245 991 2309 primum
1018 2246 1059 2290 in
1089 2244 1168 2290 isto
1191 2245 1281 2290 solo

189 2308 397 2371 paludoso
429 2311 482 2356 ad
512 2310 846 2357 exhauriendam
883 2310 975 2355 vim
1009 2326 1209 2373 magnam
1238 2327 1277 2355 a·

189 2390 376 2437 quarum
403 2375 534 2421 dudta
558 2373 682 2421 fniffe
705 2376 896 2421 videtur.

257 2440 906 2505 [lnger‘cun.Eyn1nge1-‘cun.
938 2459 955 2486 1
971 2459 986 2487 1
1005 2444 1094 2495 1‚6.
1123 2457 1277 2505 125‚7.

190 2509 512 2571 Kingestonffiss.
550 2508 575 2553 i.
591 2525 628 2553 e.
649 2511 764 2571 regia
780 2508 901 2554 villa.
949 2508 1096 2555 Hodie
1108 2511 1276 2572 12¹3an

190 2571 319 2626 stun.
374 2574 568 2620 Plurium
593 2575 855 2638 oppidorum
879 2591 953 2637 per
977 2575 1178 2637 Angliam
1197 2591 1275 2619 no-

190 2656 321 2697 men3
357 2639 439 2686 illis
459 2641 651 2705 primum
688 2639 776 2686 fere
809 2641 1013 2692 inditum,
1053 2640 1123 2685 vel
1155 2640 1272 2703 quod

189 2704 249 2751 ibi
273 2707 413 2769 Reges
435 2707 550 2754 sedes
577 2705 667 2754 suas
691 2704 926 2770 posuerint,
962 2721 1035 2752 aut
1057 2707 1274 2753 consecra-

190 2771 224 2816 ti
248 2769 424 2826 fuerint,
461 2788 535 2820 aut
560 2774 691 2819 etiam
720 2772 972 2836 praeclarum
1009 2772 1184 2835 aliquod
1216 2771 1277 2819 fa—

190 2836 312 2884 cinus
344 2839 542 2886 obierint.
615 2839 754 2900 Quod
781 2854 994 2885 memorat
1020 2839 1276 2885 Chronicon

191 2902 384 2951 nostrum
423 2905 483 2951 est
513 2906 558 2952 in
599 2922 705 2971 agro
744 2905 1001 2969 Suthreienfi,
1051 2906 1104 2951 ad
1138 2905 1275 2970 ripam

191 2967 382 3017 fluminis
409 2970 602 3030 Tameffs.
669 3008 671 3011 v

261 3036 604 3099 Eirreceastep.
620 3038 883 3101 Eicaereep.
902 3038 1167 3099 Eiceaseep.
1192 3040 1272 3102 96,

199 3119 272 3165 15.
309 3106 462 3158 111‚6.
499 3122 654 3167 125,7.
691 3105 964 3164 Ciffizcealler,
980 3107 1027 3151 F.
1065 3107 1273 3166 Cicestria,

191 3171 239 3214 F.
255 3171 387 3217 Cont.
411 3170 656 3231 Czffc'zcestre,
671 3171 729 3214 D·
767 3171 890 3231 Offit,
914 3170 962 3215 de
985 3173 1095 3233 01}le
1120 3175 1277 3216 nomine

192 3235 415 3290 Cicestria,
447 3255 575 3300 quam
599 3236 679 3300 ipse
700 3236 933 3300 fundavit,
971 3255 1112 3281 nomen
1125 3239 1277 3296 sortita

194 3302 263 3359 esi,
302 3304 379 3347 W.
445 3302 561 3349 Cissa
595 3317 739 3349 autem
780 3301 854 3347 iste
898 3300 979 3346 fuit
1019 3305 1110 3348 Rex
1146 3303 1276 3347 Suth-

193 3368 412 3413 Saxonum
439 3365 660 3416 secundus.
732 3368 878 3416 Hodie
911 3365 1203 3432 (Πῖᾕὶίῇεἳῗῗὶῗ
1235 3369 1278 3414 in

193 3448 299 3496 agro
334 3433 586 3496 Suffexienli.

1346 391 1539 454 Scriptor
1565 388 1682 436 istius
1707 389 1948 437 Tra&atus
1981 393 2141 448 Latini,
2177 394 2222 439 in
2242 411 2329 458 quo
2352 397 2432 441 ho-

1348 472 1446 501 rum
1470 454 1699 503 nominum
1737 457 1807 518 (ut
1839 461 1882 504 &
1904 457 2151 518 Efficiflriae
2175 462 2283 522 ὅτε.)
2316 458 2431 507 Ρεᾶα

1347 519 1407 567 est
1439 524 1620 577 mentio,
1661 521 1836 570 videtur
1869 520 1990 570 fuiffe
2026 524 2270 572 Monachus
2313 526 2434 572 Nor-

1349 587 1589 643 mannicus,
1612 602 1688 636 aut
1711 603 1825 636 certe
1841 588 1948 635 alius
1965 587 2190 654 quispiam,
2205 592 2434 639 nominum

1350 653 1690 716 Anglicanorurn
1715 655 1830 702 haud
1855 654 1948 701 satis
1972 655 2150 720 peritus,

1415 717 1623 780 Elistun.
1679 730 1869 786 132‚16.
1929 721 2064 783 Idem,
2101 722 2272 786 opinor,
2308 724 2432 789 Oppi-

1350 783 1454 831 dum
1490 787 1610 851 quod
1645 787 1776 834 hodie
1809 788 1854 833 in
1895 787 1987 851 agri
2023 788 2286 850 Dorsaetenfis
2314 802 2436 851 parte

1349 853 1728 915 Sumursaetenfibm
1767 854 2034 900 contermina
2080 868 2262 901 vocatur
2297 853 2436 909 OElifo

1348 919 1460 979 fun,
1497 919 1524 964 i.
1541 936 1579 964 e.
1609 920 1714 966 Villa
1736 920 1794 966 ad
1815 921 1979 968 clivum
2002 921 2104 982 sita.
2151 918 2434 968 Miff02enim

1349 985 1466 1047 quod
1489 984 1663 1050 scriptio
1684 986 1821 1033 literae
1840 1004 1864 1047 Υ
1885 1004 1964 1051 pro
1985 1000 2033 1049 je,
2070 987 2127 1034 ob
2148 1003 2294 1033 earum
2321 985 2436 1034 simi-

1346 1049 1592 1105 litudinem,
1615 1069 1735 1098 error
1754 1052 1813 1100 est
1834 1053 2020 1099 Librarii
2046 1050 2306 1110 facillimum
2342 1056 2435 1099 An-

1347 1115 1508 1163 nalium
1537 1118 1781 1165 nostrorum
1811 1137 1925 1165 anno
1961 1136 2060 1165 MCI.
2099 1119 2173 1183 qui
2206 1117 2332 1180 hujus
2357 1136 2434 1183 op-

1345 1181 1434 1244 pidi
1457 1183 1672 1238 meminit,
1706 1185 1820 1230 Dani
1845 1184 2066 1248 postquam
2080 1185 2291 1230 Peonnho
2315 1184 2433 1231 villae

1345 1247 1463 1309 ignes
1488 1248 1789 1303 admoviffent‚
1815 1250 2011 1310 Elirzun
2034 1248 2264 1297 incendiffe
2281 1250 2433 1297 dicun-

1345 1325 1429 1358 tur.
1499 1314 1707 1360 Peonnho
1722 1328 1866 1362 autem
1884 1316 2018 1362 hodie
2041 1315 2101 1361 est
2126 1317 2251 1380 {Bell
2267 1315 2312 1361 in
2327 1333 2432 1380 agro

1343 1378 1665 1443 Sumursaetenfi,
1703 1381 1820 1444 quod
1847 1379 1873 1426 a
1895 1379 2116 1436 OEliftun
2144 1395 2331 1445 quatuor
2351 1382 2431 1428 cir-

1344 1445 1451 1492 citer
1477 1446 1595 1492 mille
1620 1444 1815 1512 paffuum
1840 1445 1970 1493 abest.

1410 1511 1619 1575 Elitepn.
1674 1530 1833 1579 139,1.
1893 1512 2096 1566 Chiltern,
2131 1515 2277 1561 Hunt.
2338 1515 2433 1585 Cyl-

1348 1591 1449 1633 tern,
1492 1579 1643 1626 Hovd.
1714 1580 1864 1626 Hodie
1903 1578 2152 1645 OEijilfetlt
2190 1580 2313 1645 ῂὶἰῖβ
2356 1581 2431 1645 qui

1345 1645 1614 1706 Oxom'ensem
1650 1662 1802 1709 agrum
1838 1645 1862 1694 zi
1894 1646 2262 1712 Buccinghamenst
2284 1645 2431 1692 dister-

1343 1712 1524 1759 minant.
1596 1714 1643 1759 In
1676 1713 1904 1759 Chronico
1939 1713 2054 1759 enim
2094 1712 2307 1759 Saxonico
2341 1717 2429 1759 An.

1342 1794 1449 1825 MIX.
1473 1779 1587 1827 Dani
1606 1798 1662 1827 ex
1688 1796 1794 1841 agro
1817 1783 2021 1831 Cantiano
2042 1779 2247 1826 dicuntur
2262 1779 2307 1824 in
2320 1784 2432 1826 Oxo-

1340 1845 1515 1906 niensem
1549 1845 1751 1892 tranfiiffe
1785 1864 1859 1911 per
1883 1846 2094 1906 Ehvepn.
2152 1848 2234 1892 Per
2268 1844 2431 1907 fizltum

1341 1916 1412 1976 qui
1435 1911 1587 1959 dicitur
1601 1913 1786 1973 Clitern‚
1812 1915 1859 1958 F.
1899 1912 1998 1958 Nec
2023 1912 2116 1958 {ane
2141 1911 2199 1958 est
2219 1927 2295 1957 cur
2319 1910 2429 1974 quis-

1341 1995 1470 2042 quam
1510 1978 1697 2032 dubitet‚
1734 1980 1837 2043 quin
1878 1995 2026 2024 omnes
2061 1976 2273 2038 ejusmodi
2305 1993 2428 2022 mon-

1341 2058 1402 2090 tes
1426 2045 1584 2091 crebris
1606 2046 1830 2091 arboribus
1855 2063 1900 2090 ea
1926 2058 2050 2089 aetate
2075 2042 2353 2088 vestirentur..

1407 2111 1555 2160 Ehue.
1613 2113 1690 2176 36,
1708 2112 1781 2158 16.
1839 2110 1986 2157 Hodie
2036 2106 2187 2171 ffilyff
2229 2108 2270 2153 in
2322 2124 2427 2170 agro

1340 2177 1726 2240 Northammnenfi,
1763 2176 1806 2222 in
1841 2174 1931 2222 finti
1960 2174 2129 2221 fluvioli
2162 2173 2303 2238 quiin
2329 2176 2427 2220 Nen

1339 2242 1419 2288 sese
1444 2259 1662 2289 exonerat.

1408 2308 1683 2369 Elojeerhoo.
1714 2307 1991 2367 Elouerhoo.
2027 2306 2303 2367 Elouerhou.
2347 2323 2425 2371 55,

1343 2389 1412 2438 13.
1439 2391 1603 2437 70‚19.
1641 2373 1858 2423 clovesho,
1884 2374 2024 2420 G.T.
2093 2373 2242 2419 Hodie
2275 2371 2426 2420 fortas·

1336 2439 1374 2484 se
1399 2439 1689 2504 Rbhynhnn
1714 2441 1756 2485 in
1785 2456 1890 2502 agro
1923 2438 2206 2497 Bercherienfi.
2276 2438 2419 2496 Cujus

1334 2506 1509 2570 quidem
1538 2506 1599 2552 rei
1632 2506 1791 2552 indicia
1823 2506 1936 2551 haud
1975 2503 2151 2551 obscura
2185 2505 2424 2568 deprehen-

1334 2573 1496 2617 duntur
1522 2571 1564 2617 in
1598 2572 1723 2619 Libro
1745 2571 2074 2631 Abbandunenfi,
2115 2588 2246 2635 quem
2276 2571 2424 2616 laudat

1331 2638 1595 2684 Camdenus.
1666 2637 1814 2684 Primo
1847 2638 1980 2691 enim,
2017 2637 2201 2684 dubium
2242 2653 2330 2682 non
2363 2635 2424 2682 est

1332 2704 1435 2767 quin
1457 2705 1576 2750 locus
1602 2703 1673 2749 ille
1699 2704 1784 2749 alio
1804 2704 1981 2750 nomine
2004 2705 2193 2767 primum
2216 2702 2421 2766 cognitus

1331 2768 1488 2824 fuerit,
1535 2787 1612 2816 nec
1640 2783 1766 2816 antea
1799 2772 2044 2816 Abbanbun
2081 2770 2167 2816 dici
2205 2767 2416 2832 coeperit,

1331 2854 1460 2900 quam
1489 2838 1546 2882 ibi
1574 2834 1689 2883 Cissa
1716 2837 1814 2883 Rex
1848 2837 2084 2884 Abbatiam
2109 2834 2419 2881 construxerat.

1331 2903 1547 2956 Secundo,
1584 2901 1747 2949 disertis
1772 2903 1910 2948 verbis
1938 2902 2066 2947 tradit
2080 2901 2213 2946 Liber
2234 2897 2324 2952 iste,
2356 2898 2420 2945 lo-

1329 2985 1428 3015 cum
1445 2987 1544 3015 eum
1567 2968 1801 3032 antiquitus
1822 2967 2103 3016 Sheovesham
2127 2963 2249 3012 fuisse
2267 2964 2421 3028 appel-

1331 3035 1486 3089 latum,
1513 3036 1630 3100 quod
1654 3034 1737 3081 five
1761 3034 1944 3080 Librarii
1969 3031 2204 3085 oscitantia,
2223 3030 2308 3078 sive
2329 3029 2417 3076 alio

1333 3103 1487 3165 quovis
1509 3102 1622 3155 casu,
1658 3118 1736 3166 pro
1763 3098 2036 3150 Cleovesham
2064 3097 2166 3162 poni
2195 3096 2323 3144 facile
2345 3114 2421 3160 po-

1334 3167 1470 3228 tuiffe,
1509 3166 1668 3213 inficias
1695 3167 1775 3211 ibit
1811 3181 1940 3211 nemo
1979 3165 2130 3210 harum
2161 3181 2304 3210 rerum
2331 3180 2420 3208 me-

1335 3235 1538 3281 diocriter
1562 3234 1738 3298 peritus·
1806 3231 1983 3290 Tertio,
2022 3230 2130 3277 Loci
2149 3226 2322 3290 hujusce
2345 3228 2420 3274 de-

1335 3300 1550 3363 scriptioni
1584 3299 1748 3364 optime
1777 3295 2004 3360 respondet
2030 3295 2416 3356 Anplo-Saxonum

1339 3368 1598 3418 Abbunoun,
1636 3362 1868 3428 praesertim
1910 3363 1938 3409 fi
1973 3363 2061 3423 ejus
2087 3364 2202 3407 litim
2240 3358 2415 3417 specsteS,

1338 3432 1383 3479 in
1408 3432 1498 3498 iplb
1523 3430 1609 3480 scil.
1633 3431 1755 3497 regni
1773 3431 2001 3485 umbilicO,
2038 3439 2148 3475 uno:
2174 3436 2251 3473 loc,
2277 3445 2285 3470 J
2345 3442 2415 3469 *⁷2-
