2581 3683
820 158 1305 211 DENoMmtnus
1340 155 1658 216 Loeonum.
2334 170 2362 217 ς

632 248 719 293 Cra
755 281 764 291 .

228 319 356 378 Crag.
378 311 463 360 five
484 310 528 359 iu
551 309 676 357 initio
698 262 782 358 (ἷξε
805 311 847 356 in
868 309 951 356 fine
972 324 1111 375 rupem
1129 323 1230 374 prae-

158 392 326 443 ruptam
357 377 414 429 ό·
440 380 681 424 eminentem
714 375 936 439 fignificat,
971 374 1116 439 estque
1141 374 1232 419 Bri-

163 443 342 489 tannicae
356 441 557 505 originis:
595 441 805 489 Britannis
823 440 937 487 enim
960 457 1057 503 crag
1074 440 1227 485 eodem

161 505 277 556 sensu
300 506 539 571 usurpatur.
598 508 701 553 Hoc
732 520 875 552 autem
907 506 1157 551 adnotatum
1185 507 1227 548 in

159 571 341 634 gratiam
363 571 597 636 praesertim
616 571 882 630 nostratium,
906 569 1018 634 apud
1045 586 1151 632 quos
1168 568 1227 614 lo-

163 653 211 681 ca
233 637 415 700 plurima
451 640 549 699 (nec
564 636 651 683 scio
673 654 726 683 an
740 636 840 682 alibi
856 634 962 696 ulla)
998 633 1122 695 hujus
1139 648 1231 679 turn

160 701 274 748 initii
298 716 389 750 tum
414 702 722 749 terminationis
746 700 1026 766 reperiuntur.

632 770 742 815 Den.

227 832 491 881 Nominibus
514 836 737 880 Locorum
766 829 931 893 adjed’m
954 846 1043 877 erat
1064 829 1235 895 Syllaba

161 897 254 952 den,
289 900 405 961 quod
437 899 521 946 five
544 899 588 945 in
621 897 802 945 vallibus
838 896 922 943 five
953 897 996 942 in
1029 893 1155 959 sylvis
1184 911 1234 940 ea

160 978 279 1009 erant
294 963 367 1010 fita
382 981 395 1022 3
429 968 677 1013 Saxonicum
692 963 806 1010 enim
820 973 901 1009 ben
917 960 1122 1023 significat
1137 973 1229 1006 tum

161 1029 318 1075 vallem
346 1043 439 1075 tum
464 1029 595 1076 locum
609 1029 874 1092 ffllveflrem.
943 1027 1063 1072 Hinc
1087 1037 1230 1071 autem

161 1095 230 1155 (ut
252 1093 493 1141 observavit
507 1095 576 1140 Cl.
601 1093 855 1153 Somnerus)
891 1102 956 1136 tot
982 1088 1077 1134 sunt
1103 1087 1228 1149 hujus

159 1159 468 1204 terminationis
491 1161 713 1204 Locorum
739 1156 912 1202 nomina
926 1155 970 1199 in
990 1152 1097 1200 saltu
1112 1155 1227 1200 Can-

158 1222 276 1270 tiano
290 1241 304 1280 5
319 1223 557 1276 Temerden,
572 1221 828 1276 Biddenden,
843 1219 1232 1272 Bennenden‚Mar-

156 1288 248 1342 den,
262 1288 476 1341 synar-den,
491 1292 571 1335 &a
638 1288 776 1334 Saltus
799 1288 914 1332 enim
936 1283 1009 1331 iste
1032 1283 1138 1330 olim
1162 1284 1225 1329 in-

156 1354 295 1399 cultus
328 1354 466 1415 porcis
497 1353 653 1416 glande
684 1369 844 1418 querna
877 1349 1113 1415 saginandis
1139 1362 1228 1395 erat

154 1418 369 1484 praecipue
395 1418 647 1482 designatus

646 1486 751 1532 Der.

221 1554 342 1608 Quae
373 1551 531 1597 habent
561 1550 606 1597 in
637 1550 763 1597 initio
794 1550 878 1596 der.
914 1566 963 1597 ea
997 1548 1090 1596 loca
1121 1546 1229 1594 anti-

156 1616 298 1679 quitus
334 1615 453 1663 fuiffe
478 1616 671 1681 ferarum
704 1615 830 1662 saltus
856 1629 953 1660 tuto
985 1613 1151 1677 opinari
1174 1612 1226 1658 li-

154 1694 247 1736 cet3
287 1681 309 1727 a
335 1687 435 1730 Sax.
455 1693 586 1745 beon,
612 1682 726 1745 fera.
795 1680 890 1726 Nifi
916 1680 1071 1726 celebri
1099 1677 1227 1725 alicui

157 1744 293 1791 fluvio
320 1746 560 1803 adsideant3
594 1747 666 1794 illa
697 1745 811 1794 enim
835 1743 1003 1791 fortaffe
1025 1743 1231 1791 verisimi-

155 1811 235 1857 lius
264 1812 417 1858 deduci
442 1811 612 1876 poffunt
635 1812 660 1858 a
685 1812 792 1858 Brit.
808 1810 900 1865 dur,
928 1828 1046 1876 aqua.

648 1880 723 1925 Er.

217 1942 391 2007 Syllaba
422 1961 477 1991 er.
511 1945 554 1990 in
578 1944 721 1990 medio
753 1943 980 1990 nominum
1002 1945 1222 1989 Locorum

151 2008 372 2056 eoam-aeta
392 2009 451 2055 est
474 2027 525 2056 ex
546 2015 590 2058 S.
609 2026 732 2071 papa,
768 2010 1029 2062 habitatores,
1061 2007 1226 2064 ἱκεσίας

151 2073 269 2135 quod
295 2073 408 2119 enim
432 2074 641 2138 oppidum
665 2091 741 2119 nos
756 2074 886 2120 hodie
903 2074 1085 2120 dicimus
1099 2081 1226 2124 Cant·

151 2137 307 2200 erbury,
341 2140 526 2185 Saxones
562 2153 772 2186 vocarunt
805 2138 1224 2200 [ane-papa-buph.

151 2202 353 2264 Ejusdem
385 2204 562 2267 originis
593 2204 764 2251 videtur
799 2202 880 2250 effe
915 2203 1139 2250 terminale
1172 2222 1224 2251 er.

149 2267 336 2314 incolam
357 2267 543 2330 cujusvis
567 2269 651 2315 loci
672 2268 908 2332 defignans,
944 2283 1008 2322 ut,
1024 2286 1130 2333 quos
1146 2269 1221 2314 ho·

152 2333 221 2379 die
245 2333 425 2381 dicimus
458 2334 702 2383 Londoners,
736 2337 921 2381 Saxones
956 2333 1224 2398 appellarunt

149 2401 493 2462 Lunben-pa11a3
528 2400 746 2446 Mar-shers
769 2400 817 2462 (i.
840 2416 877 2445 e.
897 2400 1094 2462 paludum
1115 2404 1224 2447 inco-

128 2465 222 2526 -lae)
238 2468 554 2527 (Depre-papa.
590 2465 684 2512 Nisi
707 2466 799 2530 quis
825 2465 944 2510 malit
957 2466 1065 2510 hanc
1079 2466 1224 2512 termi-

149 2530 365 2574 nationem
383 2530 590 2576 deducere
612 2532 636 2576 ὲ
653 2547 752 2591 pep.
786 2529 907 2574 Goth.
922 2531 1108 2595 VJMK‚
1122 2534 1223 2585 vir3

151 2606 211 2656 ut,
239 2593 503 2641 Lundenwer
518 2594 735 2640 contracte
753 2593 983 2646 Lundener‚
1001 2593 1221 2638 Loncloner.

621 2660 746 2706 Erne.

213 2725 398 2790 Syllabae
430 2725 574 2773 finales
608 2743 711 2772 erne.
746 2733 850 2771 emn.
889 2724 1159 2771 deducuntur
1195 2723 1219 2769 a

144 2795 343 2842 saxonico
365 2809 465 2854 epn.
481 2808 605 2850 eapn.
622 2790 848 2850 cafh‚locus
861 2788 1068 2850 secretior.
1101 2789 1220 2835 Hinc

150 2860 219 2917 (ut
251 2857 294 2902 id
319 2857 458 2903 obiter
489 2857 712 2918 adnotem)
749 2855 926 2920 perspici
962 2856 1053 2902 fatis
1080 2854 1216 2919 potest

146 2940 274 2985 quam
308 2922 457 2983 injuste
484 2920 730 2969 accusantur
759 2921 977 2974 nostrates,
1012 2935 1215 2984 tanquam

149 2987 334 3048 Linguae
349 2988 596 3051 Anglicanae
617 2988 741 3034 rudes
756 2986 996 3050 &imperiti
1013 3005 1021 3031 :
1060 3000 1215 3032 vocant

148 3051 210 3096 illi
234 3050 450 3099 vasculum
472 3052 583 3099 istud
607 3054 649 3098 in
672 3069 758 3117 quo
781 3065 1067 3098 atramentum
1095 3051 1215 3114 poni-

150 3133 245 3163 mus
265 3134 319 3162 an
330 3117 506 3164 irak-ern.
542 3120 737 3164 Omnino
753 3116 881 3163 reete.
918 3115 1131 3162 Australes
1145 3134 1213 3162 au-

146 3196 251 3236 tem,
289 3182 472 3245 Linguae
493 3182 696 3231 nimirum
721 3183 873 3229 nostrae
897 3180 1212 3236 reformatores,

145 3262 302 3293 vocant
319 3259 382 3300 an
397 3247 665 3311 insszbnmss
686 3254 728 3295 ὃ(
743 3249 815 3312 qui
830 3248 966 3302 aliter,
981 3247 1010 3291 i.
1026 3264 1062 3292 e.
1078 3247 1208 3301 remste,

146 3313 407 3359 vocabulum
433 3312 517 3360 five
537 3312 721 3362 efferunt
753 3313 836 3362 sive
863 3312 1067 3369 scribunt,
1103 3313 1214 3361 ludi-

146 3378 240 3433 brio
266 3379 488 3427 habentur.
1209 3393 1213 3395 ·

1670 242 1776 303 Eye.
1801 240 1874 285 Ea.
1896 239 1972 286 Ee.

1352 305 1536 370 Syllabae
1559 304 1702 352 finales
1726 322 1807 370 eye.
1832 321 1891 350 ea.
1918 321 1973 349 ee.
2011 303 2107 352 sunt
2128 306 2171 353 in
2201 304 2361 370 triplici

1289 369 1544 419 differentia.
1612 369 1698 417 Vel
1730 371 1845 416 enim
1871 369 2093 434 profluunt
2132 389 2174 419 1.
2206 371 2229 418 a
2256 376 2358 419 Sax,

1291 451 1340 500 ιδ
1363 436 1495 498 infida
1530 431 1782 499 (liquefadlo
1807 435 1925 498 quod
1950 435 2085 499 vulgo
2108 436 2156 482 fit
2177 452 2212 501 3
2232 435 2275 482 in
2296 442 2359 498 y.)

1290 517 1339 548 ut
1362 501 1552 566 Ramsey,
1567 501 1742 566 Mersey.
1781 501 1941 562 (Unde
1955 499 2224 565 perspicuum
2244 500 2362 550 estin

1291 574 1512 619 πιυπλογίκν
1537 566 1722 612 incidere
1749 565 1874 625 hujus
1901 566 1983 612 aevi
2011 566 2222 622 homines,
2260 581 2361 614 cum

1291 632 1441 677 dicunt
1467 632 1639 699 Ramsey
1672 632 1816 694 zfland,
1854 631 2017 696 Mersey
2043 632 2185 694 ssand,
2223 632 2296 694 Iste
2319 633 2373 696 of

1291 696 1451 762 Jerfi’y,
1487 702 1569 744 &c.
1607 698 1634 744 fi
1668 697 1842 762 quidem
1876 697 1998 746 litera
2033 699 2266 745 terminalis
2299 700 2362 767 (y)

1292 763 1406 808 idem
1430 762 1637 826 fignificat
1662 780 1710 810 ac
1733 763 1924 809 nostrum
1949 764 2111 826 island.)
2158 764 2242 811 Vel
2268 780 2310 809 2.
2338 765 2365 815 a

1291 833 1338 874 S.
1352 844 1417 879 ea,
1450 845 1576 891 aqua,
1598 829 1774 890 flumen,
1797 829 1980 890 fluvius,
2013 832 2162 884 ammas,
2194 844 2362 890 torrens,

1288 895 1424 937 rivus.
1470 892 1555 938 Vel
1584 911 1625 957 3.
1662 895 1688 936 a
1710 894 1827 955 leeg,
1860 909 2040 958 campus,
2076 894 2128 940 de
2146 912 2233 960 quo
2251 895 2365 945 infra

1288 956 1332 1001 in
1353 954 1656 1003 terminatione
1679 961 1778 1022 Ley.

1628 1021 1737 1069 Flet.
1755 1025 1788 1068 F
1789 1023 1887 1070 leot.
1902 1024 2012 1072 Flot.

1353 1085 1540 1151 Syllabae
1553 1087 1777 1151 flet-fleot.
1786 1089 1882 1152 flot.
1902 1090 1946 1136 in
1962 1090 2206 1140 nominibus
2223 1096 2361 1143 Loco·-

1287 1168 1385 1197 rum
1412 1154 1623 1218 triplicem
1657 1155 1814 1202 habent
1838 1155 1999 1202 sensum
2028 1174 2110 1221 pro⁴
2133 1158 2290 1223 triplici
2311 1162 2362 1210 fi-

1284 1217 1559 1279 gnificatione
1603 1220 1804 1267 vocabuli
1849 1225 2044 1270 Saxonici
2073 1222 2207 1285 Jeleo‘c
2247 1227 2363 1275 unde

1286 1282 1400 1330 suam
1418 1285 1631 1350 originem
1654 1300 1890 1334 traxerunt.
1932 1287 2043 1335 Illud
2065 1301 2210 1335 autern
2236 1290 2368 1355 signis

1284 1346 1383 1395 ficat
1425 1367 1461 1396 1.
1494 1352 1750 1406 aestuarium,
1797 1371 1843 1401 2.
1869 1357 2095 1418 gurgitem,
2141 1373 2185 1418 3.
2207 1357 2358 1417 finum,

1285 1414 1481 1462 Secunda
1503 1417 1619 1462 vocis
1645 1416 1954 1482 significatione
1984 1418 2041 1465 ufi
2067 1418 2161 1465 sunt
2193 1421 2267 1486 qui
2292 1439 2362 1471 ca,-

1286 1480 1424 1526 nalem
1457 1480 1585 1528 istum
1617 1480 1946 1530 Lundenensem
1972 1485 2060 1548 the
2086 1484 2190 1538 floet
2215 1487 2360 1550 appel-

1286 1544 1441 1616 larunt.
1480 1548 1593 1611 Qae
1607 1548 1807 1595 vocabuli
1828 1550 2065 1614 acceptatio
2084 1550 2263 1597 vocibus
2279 1552 2358 1599 hu-

1279 1627 1349 1671 Jus
1378 1612 1689 1660 terminationis
1720 1614 1945 1661 tribuenda
1968 1614 2033 1668 sit,
2069 1614 2241 1662 docebit
2271 1616 2358 1666 loci

1285 1690 1462 1734 natura3
1497 1677 1555 1724 fin
1580 1696 1626 1725 ea
1642 1679 1749 1726 nulli
1774 1680 1904 1726 trium
1927 1679 2191 1743 respondeat,
2208 1683 2357 1729 termi-

1283 1742 1399 1788 natio
1423 1741 1592 1790 fortasse
1617 1761 1704 1790 non
1725 1745 2001 1791 incommode
2030 1745 2185 1792 deduci
2218 1747 2360 1812 potest:⁴

1283 1807 1306 1854 ὲ
1336 1814 1441 1857 Sax.
1476 1808 1596 1870 plez,
1631 1827 1744 1864 area,
1779 1811 1886 1872 casir,
1919 1810 2071 1861 domus..

1751 1878 1878 1923 Gate.

1348 1945 1457 1988 Gate
1480 1941 1523 1987 in
1545 1943 1766 1987 Locorum
1790 1940 2035 1989 nominibus
2055 1942 2263 2006 significat
2285 1950 2356 1994 vi,

1280 2007 1567 2067 am,fiemitam
1585 2032 1595 2056 ς
1627 2006 1670 2051 in
1686 2023 1772 2070 quo
1796 2005 1911 2053 sensu
1933 2008 2045 2070 apud
2059 2009 2251 2055 Boreales
2267 2028 2355 2061 vox

1281 2073 1516 2118 etiamnum
1553 2070 1804 2135 usurpatur3
1840 2072 2100 2118 Australibus
2132 2089 2275 2120 autem
2302 2075 2357 2123 si,

1280 2136 1457 2200 gnificat
1468 2140 1664 2202 januam,
1693 2151 1872 2202 portam.
1908 2140 1973 2204 Ifl.
1989 2147 2091 2199 gata
2114 2138 2173 2185 est
2187 2144 2283 2191 via,

1741 2205 1901 2250 Grave.

1347 2273 1499 2316 Grave
1522 2269 1695 2333 Syllaba
1717 2270 1949 2316 terminalis
1966 2272 2035 2332 <ut
2049 2270 2092 2316 in
2110 2274 2351 2334 Nsrgrave,

1277 2337 1531 2399 Sowgmve‚
1567 2336 1813 2400 Notgrave)
1858 2334 2035 2397 profluit
2068 2335 2092 2382 a
2125 2341 2168 2384 S.
2197 2353 2353 2400 ‘53³ae122

1277 2398 1405 2455 lucus,
1428 2400 1652 2448 dumetum.
1688 2402 1794 2446 Item
1807 2401 2018 2464 spelunca,
2041 2419 2188 2448 cavea.
2224 2405 2348 2451 Goth,

1277 2467 1580 2529 PRABJXN
1608 2466 1666 2511 est
1690 2466 1847 2529 fodere.
1893 2466 2036 2514 Alam.
2061 2469 2230 2524 grcban.
2279 2470 2354 2531 Ifl*

1275 2531 1413 2587 grafa.
1485 2528 1686 2589 Ejusdem
1711 2529 1790 2575 csse
1814 2533 1990 2591 originis
2014 2533 2185 2585 videtur
2203 2549 2348 2594 grave

1275 2596 1318 2637 in
1342 2594 1695 2655 cognominibus:
1734 2594 1808 2639 nisi
1841 2596 1893 2640 ad
1926 2594 2131 2640 illustrem
2157 2596 2348 2660 aliquam

1276 2661 1316 2703 ὃ(
1332 2658 1548 2721 antiquam
1574 2655 1780 2704 familiam
1804 2660 2027 2722 pertineat,
2061 2660 2178 2723 quod
2194 2659 2223 2706 si
2243 2679 2346 2708 con-

1275 2722 1367 2776 stet,
1404 2740 1489 2768 non
1513 2723 1655 2786 inepte
1684 2723 1768 2769 dici
1799 2724 1936 2788 potest
1970 2725 2239 2772 conti-aetum
2265 2726 2349 2778 effe

1273 2806 1324 2835 ex
1347 2801 1535 2851 gepepa,
1572 2794 1729 2842 Comes,
1755 2790 1920 2850 waste,
1956 2792 2219 2854 Praepofit2153
2255 2810 2344 2856 quo

1274 2853 1389 2900 sensu
1426 2855 1579 2913 Hafflae
1613 2853 1844 2900 Praeferstus
1879 2855 2007 2902 hodie
2046 2870 2224 2905 vocatur
2256 2860 2343 2922 ΐῄερ

1271 2919 1585 2983 {tenuatam
1610 2919 1671 2973 uf
1693 2920 1874 3032 ἰΒξΙξΞ

1339 3054 1472 3104 Ham,
1510 3051 1593 3097 five
1614 3052 1775 3098 initiale
1799 3052 1881 3099 sive
1905 3053 2142 3107 terminale,
2164 3054 2345 3116 profluit

1273 3116 1296 3161 ὸ.
1317 3122 1418 3164 Sax.
1449 3118 1564 3171 ham,
1601 3117 1755 3171 domm,
1780 3118 2137 3182 praedirrm2villa3
2175 3121 2339 3167 Boi-cai.

1270 3184 1445 3247 heatus
1481 3182 1741 3230 Australibus
1764 3185 1928 3247 Durae.

1385 3282 1389 3284 -
1605 3249 1782 3295 Holme.
1799 3252 2004 3295 Howme.

1335 3313 1520 3378 Syllabae
1540 3314 1682 3361 holme.
1708 3315 1881 3361 howme,
1905 3314 1988 3360 five
2011 3331 2085 3377 per
2108 3312 2148 3360 se
2174 3316 2341 3380 positae,

1271 3380 1474 3444 (plurima
1490 3381 1599 3432 enim
1630 3395 1704 3444 per
1733 3380 1930 3443 Angliam
1956 3380 2064 3443 loca,
2102 3381 2335 3444 praesertim

2219 3449 2342 3512 apud
